2096 3481
337 238 375 268 24
1025 231 1163 266 ANNO
1189 232 1273 266 1520

336 345 510 386 dignatus
533 353 585 383 es,
611 343 814 386 insurgunt
836 341 1008 385 magistri
1031 341 1243 380 mendaccS,
1268 340 1551 375 introducentes
1576 343 1696 376 sectas
1723 343 1961 386 perditionis,

335 399 405 431 sibi
430 398 592 432 celerem
620 398 815 431 interitum
844 397 1151 438 superducentes,
1185 405 1345 437 quorum
1372 396 1504 439 lingua
1529 397 1629 440 ignis
1654 399 1722 436 est,
1752 398 1963 440 inquietum

335 453 485 488 malum.
504 453 617 494 plena
632 462 775 486 veneno
793 451 1002 488 mortifero,
1027 451 1091 492 qui
1107 451 1227 484 zelum
1245 461 1412 484 amarum
1429 451 1622 491 habentes,
1648 454 1686 486 et
1701 454 1962 488 contentiones

335 509 372 540 in
389 509 565 540 cordibus
591 508 668 540 suis
690 507 903 549 gloriantur
920 508 958 539 et
979 506 1178 539 mendaces
1201 508 1288 538 sunt
1304 507 1482 538 adversus
1499 507 1708 540 veritatem.
1732 508 1906 551 Exsurge
1921 510 1963 542 tu

335 573 495 604 quoque.
515 572 752 604 quaesumus,
772 561 902 598 Paule,
930 561 993 602 qui
1010 569 1093 593 eam
1110 562 1175 593 tua
1191 561 1362 593 doctrina
1379 570 1420 593 ac
1441 561 1524 602 pari
1541 562 1723 604 martyrio
1739 562 1962 597 illuminasti

335 624 445 658 atque
473 617 684 649 illustrasti.
715 617 800 649 Jam
829 616 929 648 enim
958 615 1081 656 surgit
1109 625 1225 648 novus
1258 615 1507 657 Porphyrius,
1537 617 1626 657 quia
1651 617 1749 649 sicut
1778 617 1844 651 ille
1872 618 1962 651 olim

334 674 482 704 sanctos
499 672 689 713 apostolos
712 671 852 712 injuste
870 670 1083 707 momordit,
1102 670 1156 702 ita
1183 670 1244 702 hic
1271 672 1419 702 sanctos
1441 671 1638 712 pontifices
1654 672 1965 712 praedecessores

334 732 482 759 nostros
499 729 631 759 contra
648 728 748 758 tuam
767 725 977 757 doctrinam
1002 734 1066 757 eos
1092 734 1166 756 non
1188 725 1418 757 obsecrando
1436 725 1501 757 sed
1518 725 1760 767 increpando,
1777 727 1965 767 mordere,

334 782 501 814 lacerare
524 791 566 814 ac
584 781 646 813 ubi
664 789 798 813 causae
824 789 914 812 suae
940 779 1088 817 diffidit,
1108 780 1155 812 ad
1178 780 1347 812 convicia
1370 781 1549 813 accedere
1573 790 1648 813 non
1671 781 1836 821 veretur,
1862 791 1968 816 more

334 836 625 874 haereticorum,
643 844 802 876 quorum
816 835 871 876 (ut
887 834 1010 875 inquit
1026 831 1296 876 Hieronymus)
1314 834 1486 867 ultimum
1499 835 1730 876 praesidium
1743 837 1811 875 est,
1826 838 1868 870 ut
1883 846 1969 871 cum

335 891 567 932 conspiciant
583 899 714 923 causas
733 899 818 922 suas
836 890 1051 921 damnatum
1075 889 1135 927 im,
1162 889 1345 930 incipiant
1365 889 1468 922 virus
1485 891 1672 931 serpentis
1689 890 1820 933 lingua
1836 892 1969 925 diffun-

336 947 437 984 dere,
471 948 510 978 et
539 955 622 977 cum
656 954 695 977 se
727 945 845 977 victos
880 943 1125 985 conspiciant,
1167 944 1213 976 ad
1249 944 1496 977 contumelias
1530 944 1718 986 prosilire.
1752 946 1849 979 Nam
1879 945 1970 980 licet

336 1001 513 1033 haereses
537 1009 618 1033 esse
644 1001 689 1032 ad
717 999 1027 1032 exercitationem
1052 997 1220 1031 fidelium
1245 1000 1285 1031 tu
1310 999 1451 1031 dixeris
1477 1001 1665 1041 oportere,
1684 1009 1747 1033 eas
1763 1001 1902 1040 tamen,
1920 1010 1968 1034 ne

336 1056 608 1088 incrementum
623 1055 808 1096 accipiant
821 1063 914 1087 neve
927 1053 1147 1095 vulpeculae
1161 1053 1385 1092 coalescant,
1399 1055 1439 1086 in
1452 1054 1533 1096 ipso
1548 1056 1645 1094 ortu,
1660 1056 1698 1088 te
1710 1056 1969 1089 intercedente

337 1112 375 1143 et
409 1111 621 1151 adjuvante,
652 1110 823 1151 extingui
852 1117 1005 1141 necesse
1033 1109 1102 1141 est.
1132 1108 1304 1150 Exurgat
1331 1109 1492 1150 denique
1521 1110 1641 1142 omnis
1669 1111 1896 1149 sanctorum,
1927 1119 1970 1144 ac

336 1165 484 1206 reliqua
511 1164 735 1197 universalis
771 1163 942 1202 ecclesia,
969 1164 1075 1205 cujus
1098 1172 1189 1196 vera
1213 1172 1404 1196 sacrarum
1431 1163 1629 1197 literarum
1654 1165 1970 1207 interpretatione

337 1220 564 1262 posthabita,
580 1220 743 1260 quidam,
763 1228 921 1260 quorum
938 1220 1110 1251 mentens
1126 1219 1235 1260 pater
1251 1219 1436 1251 mendacii
1454 1219 1669 1258 excoecavit,
1688 1228 1735 1252 ex
1751 1220 1871 1253 veteri
1887 1220 1972 1254 hae-

337 1275 543 1307 reticorum
561 1275 746 1312 instituto,
766 1274 864 1315 apud
881 1274 1104 1315 semetipsos
1122 1273 1324 1315 sapientes,
1343 1274 1549 1315 scripturas
1565 1274 1716 1307 easdem
1733 1274 1844 1308 aliter
1860 1284 1972 1316 quam

339 1329 501 1371 Spiritus
518 1331 668 1362 sanetus
693 1329 852 1371 flagitet,
871 1329 1025 1370 proprio
1044 1329 1239 1361 dumtaxat
1261 1337 1386 1367 sensu,
1406 1329 1634 1367 ambitionis,
1653 1338 1843 1371 auraeque
1858 1339 1973 1372 popu-

338 1384 429 1417 laris
446 1393 570 1423 causa,
589 1386 684 1417 teste
702 1383 885 1425 apostolo,
912 1384 1223 1424 interpretantur,
1250 1383 1325 1415 imo
1350 1392 1439 1416 vero
1464 1385 1643 1425 torquent
1667 1386 1706 1417 et
1728 1384 1968 1418 adulterant:

338 1440 391 1472 ita
407 1440 449 1472 ut
473 1440 581 1481 juxta
597 1439 883 1481 Hieronymum,
901 1439 977 1479 jam
1002 1448 1076 1470 non
1101 1438 1150 1470 sit
1174 1438 1412 1480 evangelium
1437 1438 1588 1477 Christi,
1615 1439 1682 1472 sed
1704 1439 1880 1479 hominis,
1906 1441 1972 1474 aut

339 1495 438 1536 quod
454 1495 563 1536 pejus
581 1497 649 1533 est,
669 1493 821 1526 diaboli.
840 1493 1042 1535 Exsurgat‚
1057 1493 1223 1534 inquam,
1238 1494 1410 1534 praefata
1425 1493 1586 1526 ecclesia
1601 1495 1730 1527 sancta
1745 1494 1828 1534 Dei,
1843 1495 1882 1528 et
1896 1504 1972 1528 una

339 1559 423 1582 cum
439 1549 668 1582 beatissimis
693 1548 874 1590 apostolis
898 1548 1091 1589 praefatis,
1111 1548 1210 1589 apud
1233 1549 1354 1581 Deum
1373 1549 1669 1590 omnipotentem
1689 1549 1911 1588 intercedat,
1929 1551 1973 1583 ut

340 1605 511 1647 purgatis
529 1605 654 1636 ovium
671 1613 824 1636 suarum
841 1603 1046 1642 erroribus,
1073 1602 1353 1644 eliminatisque
1369 1612 1392 1636 a
1407 1603 1575 1636 fidelium
1596 1604 1734 1637 finibus
1751 1604 1972 1638 haeresibus

341 1659 539 1697 universis,
555 1658 737 1692 ecclesiae
754 1668 844 1691 suae
861 1659 1013 1690 sanctae
1029 1667 1159 1699 pacem
1177 1659 1215 1691 et
1231 1659 1414 1691 unitatem
1431 1667 1656 1692 conservare
1672 1659 1862 1702 dignetur.

384 1715 406 1754 ξ
432 1714 461 1746 1.
492 1714 641 1747 Dudum
664 1714 861 1754 siquidem,
892 1713 991 1754 quod
1021 1722 1113 1754 prae
1141 1713 1257 1746 animi
1289 1713 1465 1756 angustia
1495 1715 1534 1746 et
1563 1723 1727 1747 moerore
1759 1714 1972 1756 exprimere

341 1769 402 1800 vix
419 1778 629 1810 possumus,
657 1769 730 1801 fide
755 1769 956 1811 dignorum
979 1767 1102 1800 relatu
1131 1777 1174 1800 ac
1200 1769 1302 1801 fama
1323 1768 1476 1810 publica
1498 1769 1702 1808 referente,
1729 1769 1775 1802 ad
1803 1770 1973 1802 nostrum

341 1824 514 1865 pervenit
538 1824 718 1861 auditum,
744 1824 819 1855 imo
844 1832 946 1861 vero,
973 1832 1042 1864 pro
1068 1823 1195 1855 dolor!
1223 1823 1343 1856 oculis
1369 1823 1508 1856 nostris
1536 1824 1697 1856 vidimus
1725 1833 1768 1857 ac
1793 1823 1969 1867 legimus,

342 1878 480 1911 multos
504 1881 542 1911 et
565 1879 688 1911 varios
713 1887 874 1916 errores,
895 1878 1076 1919 quosdam
1092 1877 1270 1911 videlicet
1283 1879 1361 1920 jam
1376 1887 1445 1920 per
1461 1878 1623 1911 concilia
1644 1887 1687 1912 ae
1709 1879 1973 1921 praedecesso-

342 1943 425 1965 rum
440 1935 608 1965 nostrum
625 1933 914 1966 constitutiones
933 1933 1139 1972 damnatos,
1155 1933 1344 1966 haeresim
1361 1933 1475 1966 etiam
1491 1934 1721 1967 Graecorum
1744 1935 1783 1967 et
1798 1934 1973 1967 Bohemi-

343 1997 425 2020 cam
449 1997 626 2030 expresse
651 1989 898 2026 continentes,
934 1988 1028 2020 alios
1052 1997 1141 2021 vero
1165 1989 1388 2029 respective,
1418 1988 1478 2022 vel
1501 1988 1726 2027 haereticos,
1751 1988 1812 2022 vel
1841 1988 1970 2029 falsos,

344 2043 403 2076 vel
435 2043 693 2081 scandalosos‚
726 2042 785 2076 vel
817 2043 965 2084 piarum
997 2043 1144 2076 aurium
1176 2043 1395 2082 offensivos,
1435 2043 1494 2076 vel
1533 2043 1760 2085 simplicium
1789 2044 1973 2077 mentium

345 2098 568 2135 seductivos,
599 2107 620 2130 a
646 2097 753 2130 falsis
781 2098 870 2131 fidei
898 2098 1118 2136 cultoribus,
1145 2098 1210 2139 qui
1236 2107 1305 2139 per
1333 2099 1534 2140 superbam
1561 2099 1820 2131 curiositatem
1842 2098 1973 2132 mundi

346 2152 507 2195 gloriam
537 2153 753 2194 cupientes,
787 2155 919 2185 contra
957 2152 1119 2194 apostoli
1159 2153 1368 2185 doctrinam
1397 2153 1482 2194 plus
1515 2162 1648 2194 sapere
1679 2152 1831 2192 volunt,
1861 2162 1972 2195 quam

347 2209 538 2248 oporteat;
564 2217 723 2248 quorum
740 2207 943 2250 garrulitas
961 2208 1017 2249 (ut
1032 2207 1155 2248 inquit
1173 2207 1443 2249 Hieronymus)
1461 2208 1542 2241 sine
1559 2208 1833 2249 scripturarum
1850 2209 1975 2241 aucto-

345 2263 457 2295 ritate
475 2272 548 2294 non
566 2262 724 2295 haberet
747 2263 871 2301 fidem,
891 2262 964 2294 nisi
980 2262 1199 2295 viderentur
1222 2271 1440 2304 perversam
1464 2263 1674 2295 doctrinam
1698 2263 1813 2296 etiam
1838 2263 1974 2296 divinis

345 2318 585 2355 testimoniis,
615 2317 712 2350 male
740 2319 865 2350 tamen
893 2318 1165 2359 interpretatis,
1196 2318 1355 2359 robore3
1385 2327 1406 2350 a
1432 2327 1593 2358 quorum
1621 2317 1740 2351 oculis
1767 2318 1839 2351 Dei
1861 2318 1976 2351 timor

346 2373 515 2410 recessit,
534 2373 689 2405 humani
706 2373 858 2415 generis
875 2372 984 2405 hoste
1001 2374 1244 2416 suggerente,
1263 2373 1410 2406 noviter
1432 2373 1644 2411 suscitatos,
1670 2374 1710 2406 et
1731 2382 1852 2415 nuper
1875 2374 1974 2415 apud

348 2428 527 2468 quosdam
555 2427 716 2460 leviores
744 2427 782 2459 in
809 2427 951 2469 inclyta
978 2428 1130 2460 natione
1158 2428 1381 2460 Germanica
1406 2428 1621 2461 seminatos.
1649 2428 1756 2467 Quod
1779 2437 1824 2461 eo
1851 2428 1973 2472 magis

348 2482 516 2515 dolemus
533 2482 585 2514 ibi
602 2483 784 2520 evenisse,
800 2483 898 2523 quod
916 2483 1086 2515 eamdem
1102 2483 1294 2516 nationem
1316 2484 1354 2516 et
1375 2492 1442 2515 nos
1465 2484 1504 2516 et
1524 2483 1834 2524 praedecessores
1851 2483 1972 2516 nostri

348 2537 386 2568 in
407 2537 613 2569 visceribus
631 2546 778 2579 semper
794 2538 1023 2580 gesserimus
1040 2537 1247 2570 charitatis.
1267 2538 1363 2571 Nam
1378 2539 1464 2580 post
1480 2538 1703 2571 translatum
1718 2547 1765 2571 ex
1781 2538 1934 2572 Graecis
1950 2547 1974 2572 a

347 2591 518 2624 Romana
531 2591 691 2624 ecclesia
703 2592 741 2624 in
755 2592 906 2625 eosdem
919 2593 1124 2625 Germanos
1141 2593 1355 2634 imperium,
1372 2593 1487 2626 iidem
1503 2594 1813 2635 praedecessores
1837 2593 1970 2633 nostri,

349 2650 387 2678 et
404 2656 482 2684 noa
501 2647 669 2687 ejusdem
697 2646 879 2679 ecclesiae
903 2648 1102 2680 advocatos
1127 2648 1421 2689 defensoresque
1438 2657 1484 2681 ex
1501 2648 1556 2681 eis
1574 2656 1722 2690 semper
1745 2648 1969 2689 accepimus,

350 2710 441 2741 quos
456 2701 605 2742 quidem
619 2702 836 2740 Germanos,
852 2702 1060 2735 catholicae
1077 2703 1246 2736 veritatis
1266 2712 1354 2736 vere
1375 2711 1588 2746 germanos,
1609 2703 1756 2735 constat
1772 2703 1972 2736 haeresum

350 2756 552 2787 acerrimos
577 2758 856 2798 oppugnatores
881 2766 1030 2798 semper
1052 2758 1183 2796 fuisse,
1202 2758 1309 2800 quus
1331 2758 1389 2791 rei
1413 2758 1528 2791 testes
1552 2759 1640 2791 sunt
1660 2757 1867 2791 laudabiles
1883 2757 1972 2791 illae

350 2811 636 2848 constitutiones
668 2812 939 2844 Germanorum
970 2812 1241 2853 imperatorum
1269 2822 1338 2854 pro
1377 2813 1553 2846 libertate
1588 2812 1789 2851 ecclesiae,
1825 2821 1971 2854 proque

351 2864 582 2906 expellendis
607 2866 976 2907 exterminandisquc
1000 2876 1047 2899 ex
1072 2868 1174 2900 omni
1190 2868 1390 2900 Germania
1412 2867 1626 2906 haereticis,
1645 2867 1712 2900 sub
1737 2867 1970 2910 gravissimis

350 2919 482 2961 poenis
498 2920 611 2952 ctiam
628 2920 839 2953 amissionis
856 2923 1042 2955 terrarum
1065 2924 1105 2955 et
1127 2922 1379 2956 dominiorum
1401 2924 1533 2956 contra
1547 2923 1803 2965 receptatores
1819 2921 1878 2955 vel
1895 2931 1969 2955 non
