2096 3481
934 233 1071 268 ANNO
1097 233 1182 266 1525
1818 233 1881 267 315

241 346 300 404 hij
325 345 430 389 door
453 360 588 389 eenen
622 345 815 390 anderen
851 345 1142 404 geestelijken
1168 344 1700 402 waardigheidsbediener
1727 360 1881 403 mogen

240 429 491 472 vervangen
516 416 713 468 worden,
742 419 810 458 ter
835 416 973 458 keuze
999 429 1080 458 van
1101 415 1185 459 den
1227 415 1504 471 inquisiteur‚
1547 428 1600 459 en
1638 416 1689 458 de
1721 430 1882 472 aange-

239 485 364 530 duide
388 486 560 541 prelaat
577 498 656 528 zou
680 485 776 528 zich
799 498 851 540 op
886 498 1033 527 zware
1076 484 1324 542 kerkelijke
1347 498 1400 527 en
1439 484 1671 542 geldelijke
1702 484 1882 530 straffen

240 554 328 598 niet
351 568 508 610 mogen
532 553 816 597 onttrekken.
847 555 995 609 Tegen
1019 554 1072 596 de
1105 553 1395 610 geestelijken
1431 567 1512 596 zou
1536 553 1588 597 de
1626 554 1884 610 inquisiteur

239 623 629 680 gevangenisstras
643 638 696 666 en
721 623 883 666 andere
903 624 1140 667 vonnissen
1161 636 1317 679 mogen
1341 623 1597 679 uitspreken
1617 624 1779 667 zonder
1800 624 1881 667 den

238 692 441 749 bisschop
480 696 524 736 te
559 693 840 749 raadplegen,
864 693 972 736 doch
1008 696 1096 736 met
1130 693 1182 736 de
1217 691 1547 749 medewerking
1578 706 1663 736 van
1699 694 1801 749 god·
1829 709 1882 738 en

238 762 639 818 rechtsgeleerden.
666 762 761 807 Ook
797 763 848 805 de
870 763 1220 819 godslasteraars
1244 777 1298 806 en
1323 761 1571 819 bespotters
1591 762 1668 806 der
1691 763 1883 820 heiligen

238 836 318 875 zou
341 832 402 888 hij
450 845 605 888 mogen
645 833 883 888 vervolgen
907 846 959 875 en
985 833 1070 875 alle
1113 832 1541 888 wederspanningen
1582 831 1780 876 straffen.
1824 835 1883 877 De

237 900 605 959 bissehoppelijke
622 902 859 945 vonnissen
884 915 965 944 zou
992 902 1052 959 hij
1079 916 1233 959 mogen
1253 902 1475 960 wijzigen.
1502 902 1601 945 Alle
1625 902 1882 961 geestelijke

237 985 292 1015 011
316 971 594 1029 wereldlijke
614 970 896 1016 ambtenaars
920 972 1083 1016 zouden
1107 972 1190 1016 den
1232 971 1491 1028 inquisiteur
1514 985 1567 1016 en
1592 972 1736 1029 ziJnen
1761 971 1883 1029 asge-

237 1040 506 1097 vaardigden
547 1044 720 1085 moeten
759 1041 1095 1098 gehoorzamen,
1139 1041 1463 1086 ondersteunen
1502 1055 1557 1085 en
1591 1041 1874 1099 verdedigen.

237 1111 327 1154 Den
351 1109 806 1162 berouwhebbenden,
836 1124 912 1154 zoo
935 1111 987 1168 zij
1013 1124 1122 1167 geen
1148 1111 1378 1155 hervallen
1402 1111 1573 1155 ketters
1596 1111 1700 1168 zijn,
1722 1125 1804 1155 zou
1828 1112 1880 1155 de

236 1179 499 1236 inquisiteur
542 1179 793 1236 vergiffenis
818 1194 973 1237 mogen
1008 1180 1233 1224 sehenken
1271 1195 1325 1224 en
1364 1180 1686 1237 boetedoening
1724 1195 1880 1238 mogen

237 1250 470 1306 opleggen‚
498 1250 649 1293 alsook
683 1250 1031 1306 verordeningen
1070 1250 1226 1293 maken
1252 1254 1317 1294 tot
1343 1250 1575 1307 uitroeiing
1599 1250 1677 1294 der
1699 1250 1878 1310 ketterij

238 1333 292 1362 en
318 1319 396 1362 der
418 1319 690 1362 verdorvene
727 1319 877 1362 zeden.
910 1322 970 1363 De
1004 1320 1273 1377 nachteliJke
1301 1319 1564 1363 s‹:handalen
1591 1334 1643 1362 en
1677 1320 1753 1363 het
1787 1335 1884 1364 ver-

238 1389 416 1432 smaden
444 1388 520 1431 der
539 1388 912 1445 heiligenbeelden
931 1389 1097 1432 zouden
1122 1389 1227 1432 door
1252 1389 1333 1432 den
1360 1389 1620 1445 inquisiteur
1638 1388 1693 1447 bij
1722 1389 1879 1434 middel

235 1472 322 1502 van
345 1457 592 1515 kerkelijke
634 1472 864 1511 eensuren,
902 1458 1178 1515 geldboeten‚
1205 1458 1524 1515 ballingschap,
1562 1473 1678 1510 enz.‚
1707 1464 1885 1504 moeten

238 1527 427 1585 gesti-ast
460 1528 640 1572 worden
684 1531 772 1572 met
795 1528 848 1572 de
870 1528 1197 1585 medewerking
1236 1529 1313 1571 der
1359 1529 1629 1587 wereldlijke
1656 1530 1880 1574 overheid.

237 1599 298 1641 De
351 1597 636 1654 inquisiteurs
674 1598 842 1642 zouden
885 1612 995 1642 naar
1038 1598 1313 1655 goedvinden
1359 1598 1878 1653 onderkettermeesters,

237 1667 320 1711 ook
344 1666 543 1711 beneden
567 1667 618 1710 de
641 1667 700 1712 40
716 1669 818 1726 jaar
841 1668 925 1711 oud
958 1682 1011 1711 en
1047 1669 1139 1711 niet
1170 1682 1254 1711 van
1285 1669 1424 1724 hooge
1463 1669 1716 1725 geestelijke
1739 1683 1882 1713 waar-

238 1737 457 1794 digheden
480 1736 678 1790 bekleed,
700 1737 743 1780 in
768 1737 916 1781 hunne
944 1738 1083 1793 plaats
1103 1741 1190 1781 met
1213 1738 1375 1796 gelijke
1397 1737 1445 1780 of
1463 1738 1654 1781 mindere
1680 1739 1883 1784 maohten

244 1820 401 1864 mogen
434 1807 679 1851 aanstellen
711 1821 765 1850 en
786 1807 871 1851 ook
894 1807 1111 1853 asstellen.

270 1919 424 1965 Concept
456 1919 545 1954 dud.
580 1920 701 1965 doyen
732 1920 777 1955 de
816 1921 985 1956 Louvain
1017 1921 1062 1956 de
1098 1932 1136 1956 ce
1167 1923 1247 1967 quil
1279 1922 1343 1966 luy
1375 1924 1511 1957 semble
1545 1928 1636 1957 estre
1664 1924 1798 1968 requiz
1828 1925 1851 1957 ὰ

547 1975 793 2019 lampliacion
821 1976 867 2011 de
897 1987 940 2011 sa
968 1979 1202 2012 commz'ssion
1231 1983 1264 2013 ct
1293 1978 1338 2012 de
1364 1989 1406 2012 sa
1433 1978 1582 2024 fac-ulte.

282 2062 523 2097 Venerabilis
542 2072 693 2105 quoque
717 2064 775 2096 vir
793 2064 966 2097 dominus
985 2066 1022 2097 et
1048 2065 1232 2107 magister
1250 2065 1428 2098 Nicolaus
1455 2066 1597 2107 Coppin
1617 2066 1661 2098 de
1679 2065 1886 2103 Montibus,

236 2129 343 2153 sacre
371 2119 511 2162 pagine
538 2120 745 2161 professor,
777 2120 941 2153 decanus
965 2122 1135 2162 pretacte
1161 2120 1321 2154 ecclesie
1343 2120 1469 2154 Sancti
1495 2122 1600 2153 Petri
1626 2121 1886 2159 Lovaniensis,

236 2175 458 2217 requirente
482 2175 762 2216 mandanteque
787 2177 824 2208 et
851 2176 1008 2217 jubente
1036 2178 1185 2218 prefata
1215 2176 1469 2209 illustrissima
1491 2177 1642 2209 domina
1670 2176 1888 2219 Margareta

188 2254 190 2257 v
236 2231 519 2275 gubernatrice,
551 2231 641 2263 dicti
671 2231 853 2264 horrendi
883 2232 1066 2264 Luterani
1092 2232 1279 2274 dogmatis
1304 2232 1548 2273 hereticeque
1574 2233 1771 2274 pravitatis
1795 2233 1889 2275 vigi-

236 2287 450 2320 lantissima
477 2287 752 2329 expugnatrice
786 2287 952 2328 fideique
981 2287 1167 2320 catholice
1195 2288 1506 2329 propugnatrice,
1524 2290 1561 2320 ct
1589 2289 1649 2320 cui
1682 2288 1733 2320 nil
1765 2289 1888 2331 magis

238 2345 296 2376 est
319 2343 358 2375 in
376 2344 463 2375 voto
484 2351 595 2384 quam
612 2343 732 2384 ipsam
758 2343 1014 2376 Lutheranani
1040 2344 1185 2384 pestem
1204 2342 1486 2385 hereticamque
1512 2344 1735 2385 pravitatem
1752 2344 1887 2377 radici-

236 2399 306 2432 bus
336 2399 541 2440 extirpare,
573 2399 619 2431 ad
648 2398 798 2431 diversa
827 2398 910 2431 loca
939 2399 1125 2431 dictorum
1154 2399 1407 2431 dominiorum
1434 2409 1473 2431 se
1499 2400 1732 2432 transferens
1757 2401 1890 2433 contra

238 2454 368 2497 plures
386 2456 424 2486 et
449 2454 618 2487 diversos
637 2454 836 2495 utriusque
854 2464 966 2486 sexus
983 2463 1165 2495 personas
1180 2454 1224 2486 de
1239 2455 1454 2495 pernicioso
1474 2455 1650 2497 dogmate
1669 2454 1889 2496 hujusmodi

238 2499 483 2550 hereticaque
531 2510 717 2551 pravitate
766 2511 967 2543 infamatas
1000 2519 1065 2543 seu
1099 2511 1293 2552 suspectas
1326 2510 1522 2551 inquisivit
1554 2512 1591 2543 et
1618 2511 1817 2552 processit,
1852 2513 1890 2544 et

241 2565 372 2608 plures
389 2574 458 2607 pro
478 2565 660 2606 qualitate
678 2575 834 2598 suorum
852 2575 1075 2599 excessuum
1092 2566 1241 2607 punivit
1258 2567 1296 2599 et
1313 2567 1493 2599 correxit.

284 2621 439 2659 Verum,
459 2621 548 2662 quia
566 2621 738 2654 nonnulli
758 2621 927 2654 locorum
957 2622 1141 2654 ordinarii
1159 2621 1232 2654 nisi
1250 2623 1337 2654 sunt
1349 2622 1535 2663 impedire
1553 2624 1591 2655 et
1608 2623 1889 2664 impediverunt

240 2686 309 2719 per
333 2677 483 2709 litteras
513 2686 667 2709 suorum
696 2679 1006 2711 conservatorum
1035 2687 1101 2710 seu
1130 2676 1541 2721 subcons[ervatorum]
1572 2687 1614 2710 ac
1642 2679 1710 2711 sub
1741 2679 1889 2721 magnis

238 2731 545 2765 formidabilibus
577 2731 742 2771 mulctis,
777 2733 989 2771 sententiis,
1024 2733 1195 2765 censuris
1235 2734 1272 2766 et
1311 2733 1420 2774 penis
1461 2734 1622 2766 eundem
1663 2734 1889 2776 magistrum

241 2786 442 2821 Nicolaum
472 2788 655 2820 decanum
684 2788 962 2829 inquisitorem,
993 2788 1194 2829 quominus
1226 2789 1347 2830 possit
1376 2789 1414 2821 in
1448 2789 1602 2831 negotio
1632 2789 1889 2830 inquisitionis

241 2842 460 2884 hujusmodi
490 2843 616 2875 debito
641 2845 762 2876 marte
787 2844 929 2884 absque
954 2843 1070 2886 longo
1095 2845 1258 2886 tempori
1284 2845 1406 2877 tractu
1432 2844 1651 2886 procedere,
1679 2843 1889 2887 allegantes

241 2898 434 2931 interdum
460 2907 499 2931 se
524 2908 592 2939 per
615 2899 834 2931 citationem
860 2898 918 2931 vel
945 2898 1038 2931 alias
1062 2899 1301 2940 preveniss03
1322 2908 1364 2931 ac
1381 2908 1506 2931 corani
1526 2899 1667 2932 eisdem
1686 2900 1889 2932 ordinariis

244 2963 309 2987 seu
335 2952 488 2986 illorum
515 2954 739 2987 ellici-lilibus
764 2962 827 2987 aut
852 2955 1121 2988 commiss-ariis
1146 2956 1346 2988 servantur
1361 2954 1491 2996 plures
1516 2956 1554 2988 et
1579 2955 1718 2988 diversi
1737 2955 1888 2988 termini
