<?xml version="1.0" encoding="UTF-8"?>
<!DOCTYPE html PUBLIC "-//W3C//DTD XHTML 1.0 Transitional//EN"
    "http://www.w3.org/TR/xhtml1/DTD/xhtml1-transitional.dtd">
<html xmlns="http://www.w3.org/1999/xhtml" xml:lang="en" lang="en">
 <head>
  <title>
</title>
<meta http-equiv="Content-Type" content="text/html;charset=utf-8" />
  <meta name='ocr-system' content='tesseract 3.04.00' />
  <meta name='ocr-capabilities' content='ocr_page ocr_carea ocr_par ocr_line ocrx_word'/>
</head>
<body>
  <div class='ocr_page' id='page_1' title='image "./corpusdocumentor04fruoft_0436.png"; bbox 0 0 2096 3481; ppageno 0'>
   <div class='ocr_carea' id='block_1_1' title="bbox 340 231 1273 271">
    <p class='ocr_par' dir='ltr' id='par_1_1' title="bbox 340 231 1273 271">
     <span class='ocr_line' id='line_1_1' title="bbox 340 231 1273 271; baseline -0.005 0"><span class='ocrx_word' id='word_1_1' title='bbox 340 236 404 271; x_wconf 77' lang='lat'>390</span> <span class='ocrx_word' id='word_1_2' title='bbox 1027 231 1163 266; x_wconf 90' lang='lat' dir='ltr'><strong>ANNO</strong></span> <span class='ocrx_word' id='word_1_3' title='bbox 1189 231 1273 266; x_wconf 78' lang='lat'>1525</span> 
     </span>
    </p>
   </div>
   <div class='ocr_carea' id='block_1_2' title="bbox 333 341 1967 989">
    <p class='ocr_par' dir='ltr' id='par_1_2' title="bbox 333 341 1967 989">
     <span class='ocr_line' id='line_1_2' title="bbox 338 341 1964 389; baseline -0.002 -10"><span class='ocrx_word' id='word_1_4' title='bbox 338 347 613 389; x_wconf 75' lang='lat' dir='ltr'>predicatorum</span> <span class='ocrx_word' id='word_1_5' title='bbox 627 344 831 377; x_wconf 81' lang='lat' dir='ltr'>conventus</span> <span class='ocrx_word' id='word_1_6' title='bbox 843 341 1062 380; x_wconf 83' lang='lat' dir='ltr'>Insulensis,</span> <span class='ocrx_word' id='word_1_7' title='bbox 1078 349 1206 374; x_wconf 90' lang='lat' dir='ltr'>sacrae</span> <span class='ocrx_word' id='word_1_8' title='bbox 1218 341 1379 384; x_wconf 80' lang='lat' dir='ltr'>paginae</span> <span class='ocrx_word' id='word_1_9' title='bbox 1391 341 1586 384; x_wconf 77' lang='lat' dir='ltr'>professor</span> <span class='ocrx_word' id='word_1_10' title='bbox 1602 349 1747 376; x_wconf 81' lang='lat' dir='ltr'>necnon</span> <span class='ocrx_word' id='word_1_11' title='bbox 1764 341 1802 375; x_wconf 92' lang='lat' dir='ltr'>in</span> <span class='ocrx_word' id='word_1_12' title='bbox 1821 343 1964 377; x_wconf 81' lang='lat' dir='ltr'>diocesi</span> 
     </span>
     <span class='ocr_line' id='line_1_3' title="bbox 339 396 1964 439; baseline -0.002 -5"><span class='ocrx_word' id='word_1_13' title='bbox 339 400 567 435; x_wconf 72' lang='lat' dir='ltr'>Toruaeensi</span> <span class='ocrx_word' id='word_1_14' title='bbox 592 399 783 432; x_wconf 75' lang='lat' dir='ltr'>hereticae</span> <span class='ocrx_word' id='word_1_15' title='bbox 799 397 996 439; x_wconf 85' lang='lat' dir='ltr'>pravitatis</span> <span class='ocrx_word' id='word_1_16' title='bbox 1020 396 1234 437; x_wconf 81' lang='lat' dir='ltr'>inquisitor,</span> <span class='ocrx_word' id='word_1_17' title='bbox 1260 397 1299 430; x_wconf 92' lang='lat' dir='ltr'>in</span> <span class='ocrx_word' id='word_1_18' title='bbox 1324 397 1398 430; x_wconf 90' lang='lat' dir='ltr'>mei</span> <span class='ocrx_word' id='word_1_19' title='bbox 1424 397 1561 429; x_wconf 90' lang='lat' dir='ltr'>notarii</span> <span class='ocrx_word' id='word_1_20' title='bbox 1584 396 1725 438; x_wconf 86' lang='lat' dir='ltr'>publici</span> <span class='ocrx_word' id='word_1_21' title='bbox 1750 397 1788 431; x_wconf 92' lang='lat' dir='ltr'>et</span> <span class='ocrx_word' id='word_1_22' title='bbox 1811 398 1964 431; x_wconf 88' lang='lat' dir='ltr'>testium</span> 
     </span>
     <span class='ocr_line' id='line_1_4' title="bbox 338 451 1964 496; baseline -0.001 -8"><span class='ocrx_word' id='word_1_23' title='bbox 338 457 633 496; x_wconf 82' lang='lat' dir='ltr'>subscriptorum</span> <span class='ocrx_word' id='word_1_24' title='bbox 650 453 842 496; x_wconf 80' lang='lat' dir='ltr'>presentia</span> <span class='ocrx_word' id='word_1_25' title='bbox 859 452 955 484; x_wconf 81' lang='lat' dir='ltr'>dixit</span> <span class='ocrx_word' id='word_1_26' title='bbox 972 452 1010 484; x_wconf 89' lang='lat' dir='ltr'>et</span> <span class='ocrx_word' id='word_1_27' title='bbox 1027 451 1242 490; x_wconf 84' lang='lat' dir='ltr'>declaravit,</span> <span class='ocrx_word' id='word_1_28' title='bbox 1258 452 1356 493; x_wconf 88' lang='lat' dir='ltr'>quod</span> <span class='ocrx_word' id='word_1_29' title='bbox 1380 461 1402 484; x_wconf 89' lang='lat' dir='ltr'>a</span> <span class='ocrx_word' id='word_1_30' title='bbox 1425 452 1544 485; x_wconf 90' lang='lat' dir='ltr'>tribus</span> <span class='ocrx_word' id='word_1_31' title='bbox 1569 453 1633 485; x_wconf 91' lang='lat' dir='ltr'>aut</span> <span class='ocrx_word' id='word_1_32' title='bbox 1656 452 1816 493; x_wconf 90' lang='lat' dir='ltr'>quatuor</span> <span class='ocrx_word' id='word_1_33' title='bbox 1833 453 1964 489; x_wconf 87' lang='lat' dir='ltr'>diebus</span> 
     </span>
     <span class='ocr_line' id='line_1_5' title="bbox 339 505 1964 549; baseline -0.001 -6"><span class='ocrx_word' id='word_1_34' title='bbox 339 512 445 549; x_wconf 75' lang='lat' dir='ltr'>citra,</span> <span class='ocrx_word' id='word_1_35' title='bbox 485 509 621 542; x_wconf 84' lang='lat' dir='ltr'>litteris</span> <span class='ocrx_word' id='word_1_36' title='bbox 661 507 824 540; x_wconf 84' lang='lat' dir='ltr'>missivis</span> <span class='ocrx_word' id='word_1_37' title='bbox 863 505 1136 540; x_wconf 83' lang='lat' dir='ltr'>venerabilium</span> <span class='ocrx_word' id='word_1_38' title='bbox 1171 507 1209 540; x_wconf 85' lang='lat' dir='ltr'>et</span> <span class='ocrx_word' id='word_1_39' title='bbox 1247 507 1604 548; x_wconf 88' lang='lat' dir='ltr'>circumspectorum</span> <span class='ocrx_word' id='word_1_40' title='bbox 1644 507 1880 540; x_wconf 88' lang='lat' dir='ltr'>dominorum</span> <span class='ocrx_word' id='word_1_41' title='bbox 1919 508 1964 541; x_wconf 84' lang='lat' dir='ltr'>de</span> 
     </span>
     <span class='ocr_line' id='line_1_6' title="bbox 338 561 1966 607; baseline -0.001 -9"><span class='ocrx_word' id='word_1_42' title='bbox 338 565 500 607; x_wconf 83' lang='lat' dir='ltr'>capitulo</span> <span class='ocrx_word' id='word_1_43' title='bbox 533 563 716 596; x_wconf 86' lang='lat' dir='ltr'>ecclesiae</span> <span class='ocrx_word' id='word_1_44' title='bbox 749 561 999 595; x_wconf 85' lang='lat' dir='ltr'>Tornacensis</span> <span class='ocrx_word' id='word_1_45' title='bbox 1032 561 1078 594; x_wconf 86' lang='lat' dir='ltr'>ad</span> <span class='ocrx_word' id='word_1_46' title='bbox 1113 570 1198 594; x_wconf 86' lang='lat' dir='ltr'>eum</span> <span class='ocrx_word' id='word_1_47' title='bbox 1229 561 1367 594; x_wconf 88' lang='lat' dir='ltr'>Insulis</span> <span class='ocrx_word' id='word_1_48' title='bbox 1402 562 1539 600; x_wconf 90' lang='lat' dir='ltr'>missis,</span> <span class='ocrx_word' id='word_1_49' title='bbox 1577 563 1701 595; x_wconf 84' lang='lat' dir='ltr'>fuerat</span> <span class='ocrx_word' id='word_1_50' title='bbox 1734 564 1890 606; x_wconf 86' lang='lat' dir='ltr'>rogatus</span> <span class='ocrx_word' id='word_1_51' title='bbox 1928 563 1966 596; x_wconf 83' lang='lat' dir='ltr'>et</span> 
     </span>
     <span class='ocr_line' id='line_1_7' title="bbox 337 617 1964 662; baseline -0.001 -9"><span class='ocrx_word' id='word_1_52' title='bbox 337 621 550 662; x_wconf 87' lang='lat' dir='ltr'>requisitus,</span> <span class='ocrx_word' id='word_1_53' title='bbox 570 620 611 651; x_wconf 89' lang='grc'>111</span> <span class='ocrx_word' id='word_1_54' title='bbox 628 618 674 651; x_wconf 91' lang='lat' dir='ltr'>ad</span> <span class='ocrx_word' id='word_1_55' title='bbox 692 617 789 650; x_wconf 89' lang='lat' dir='ltr'>hanc</span> <span class='ocrx_word' id='word_1_56' title='bbox 807 617 998 650; x_wconf 87' lang='lat' dir='ltr'>civitatem</span> <span class='ocrx_word' id='word_1_57' title='bbox 1015 617 1195 650; x_wconf 79' lang='lat' dir='ltr'>accedere</span> <span class='ocrx_word' id='word_1_58' title='bbox 1211 617 1337 655; x_wconf 91' lang='lat' dir='ltr'>vellet,</span> <span class='ocrx_word' id='word_1_59' title='bbox 1358 617 1403 649; x_wconf 88' lang='lat' dir='ltr'>ad</span> <span class='ocrx_word' id='word_1_60' title='bbox 1420 618 1542 650; x_wconf 89' lang='lat' dir='ltr'>certas</span> <span class='ocrx_word' id='word_1_61' title='bbox 1559 618 1838 659; x_wconf 84' lang='lat' dir='ltr'>propositiones</span> <span class='ocrx_word' id='word_1_62' title='bbox 1863 626 1964 651; x_wconf 84' lang='lat' dir='ltr'>erro-</span> 
     </span>
     <span class='ocr_line' id='line_1_8' title="bbox 338 671 1964 716; baseline -0.001 -8"><span class='ocrx_word' id='word_1_63' title='bbox 338 685 439 711; x_wconf 78' lang='lat' dir='ltr'>neas,</span> <span class='ocrx_word' id='word_1_64' title='bbox 458 675 605 716; x_wconf 86' lang='lat' dir='ltr'>piarum</span> <span class='ocrx_word' id='word_1_65' title='bbox 623 673 769 706; x_wconf 87' lang='lat' dir='ltr'>aurium</span> <span class='ocrx_word' id='word_1_66' title='bbox 787 672 998 710; x_wconf 81' lang='lat' dir='ltr'>offensivas,</span> <span class='ocrx_word' id='word_1_67' title='bbox 1018 671 1204 705; x_wconf 85' lang='lat' dir='ltr'>hereticas</span> <span class='ocrx_word' id='word_1_68' title='bbox 1222 681 1288 705; x_wconf 90' lang='lat' dir='ltr'>seu</span> <span class='ocrx_word' id='word_1_69' title='bbox 1305 672 1468 705; x_wconf 85' lang='lat' dir='ltr'>heresim</span> <span class='ocrx_word' id='word_1_70' title='bbox 1486 672 1676 713; x_wconf 88' lang='lat' dir='ltr'>sapientes</span> <span class='ocrx_word' id='word_1_71' title='bbox 1692 681 1760 714; x_wconf 91' lang='lat' dir='ltr'>per</span> <span class='ocrx_word' id='word_1_72' title='bbox 1777 673 1964 714; x_wconf 82' lang='lat' dir='ltr'>quendam</span> 
     </span>
     <span class='ocr_line' id='line_1_9' title="bbox 334 726 1964 773; baseline -0.002 -10"><span class='ocrx_word' id='word_1_73' title='bbox 334 731 555 773; x_wconf 83' lang='lat' dir='ltr'>magistrum</span> <span class='ocrx_word' id='word_1_74' title='bbox 582 728 796 761; x_wconf 58' lang='lat' dir='ltr'>&lt;Iohannem</span> <span class='ocrx_word' id='word_1_75' title='bbox 820 727 872 759; x_wconf 90' lang='lat' dir='ltr'>Le</span> <span class='ocrx_word' id='word_1_76' title='bbox 901 727 1014 764; x_wconf 76' lang='lat' dir='ltr'>Grae,</span> <span class='ocrx_word' id='word_1_77' title='bbox 1040 727 1292 768; x_wconf 87' lang='lat' dir='ltr'>presbiterum</span> <span class='ocrx_word' id='word_1_78' title='bbox 1317 727 1499 760; x_wconf 86' lang='lat' dir='ltr'>ecclcsiae</span> <span class='ocrx_word' id='word_1_79' title='bbox 1527 726 1756 769; x_wconf 87' lang='lat' dir='ltr'>parochialis</span> <span class='ocrx_word' id='word_1_80' title='bbox 1785 728 1831 760; x_wconf 90' lang='lat' dir='ltr'>de</span> <span class='ocrx_word' id='word_1_81' title='bbox 1860 727 1964 761; x_wconf 90' lang='lat' dir='ltr'>Orka</span> 
     </span>
     <span class='ocr_line' id='line_1_10' title="bbox 334 781 1964 827; baseline -0.002 -9"><span class='ocrx_word' id='word_1_82' title='bbox 334 787 442 827; x_wconf 80' lang='lat' dir='ltr'>juxta</span> <span class='ocrx_word' id='word_1_83' title='bbox 466 784 677 817; x_wconf 88' lang='lat' dir='ltr'>Tornacum</span> <span class='ocrx_word' id='word_1_84' title='bbox 703 782 888 819; x_wconf 85' lang='lat' dir='ltr'>curatum,</span> <span class='ocrx_word' id='word_1_85' title='bbox 913 781 1063 823; x_wconf 89' lang='lat' dir='ltr'>publice</span> <span class='ocrx_word' id='word_1_86' title='bbox 1088 782 1126 814; x_wconf 84' lang='lat' dir='ltr'>et</span> <span class='ocrx_word' id='word_1_87' title='bbox 1148 781 1324 823; x_wconf 84' lang='lat' dir='ltr'>privatim</span> <span class='ocrx_word' id='word_1_88' title='bbox 1347 781 1573 824; x_wconf 65' lang='lat' dir='ltr'>medicatas,</span> <span class='ocrx_word' id='word_1_89' title='bbox 1599 781 1764 823; x_wconf 87' lang='lat' dir='ltr'>prolatas</span> <span class='ocrx_word' id='word_1_90' title='bbox 1789 782 1826 815; x_wconf 91' lang='lat' dir='ltr'>et</span> <span class='ocrx_word' id='word_1_91' title='bbox 1850 782 1964 816; x_wconf 87' lang='lat' dir='ltr'>disse-</span> 
     </span>
     <span class='ocr_line' id='line_1_11' title="bbox 334 835 1967 879; baseline -0.002 -6"><span class='ocrx_word' id='word_1_92' title='bbox 334 841 494 873; x_wconf 85' lang='lat' dir='ltr'>minatas</span> <span class='ocrx_word' id='word_1_93' title='bbox 535 837 840 879; x_wconf 86' lang='lat' dir='ltr'>qualificandum,</span> <span class='ocrx_word' id='word_1_94' title='bbox 883 838 920 869; x_wconf 88' lang='lat' dir='ltr'>et</span> <span class='ocrx_word' id='word_1_95' title='bbox 962 835 1121 869; x_wconf 89' lang='lat' dir='ltr'>ulterius</span> <span class='ocrx_word' id='word_1_96' title='bbox 1160 837 1292 869; x_wconf 87' lang='lat' dir='ltr'>contra</span> <span class='ocrx_word' id='word_1_97' title='bbox 1330 845 1415 869; x_wconf 87' lang='lat' dir='ltr'>eum</span> <span class='ocrx_word' id='word_1_98' title='bbox 1458 837 1635 878; x_wconf 84' lang='lat' dir='ltr'>tanquam</span> <span class='ocrx_word' id='word_1_99' title='bbox 1679 837 1889 870; x_wconf 90' lang='lat' dir='ltr'>hereticum</span> <span class='ocrx_word' id='word_1_100' title='bbox 1927 838 1967 870; x_wconf 88' lang='lat' dir='ltr'>et</span> 
     </span>
     <span class='ocr_line' id='line_1_12' title="bbox 333 884 1967 937; baseline -0.002 -10"><span class='ocrx_word' id='word_1_101' title='bbox 333 895 579 937; x_wconf 81' lang='lat' dir='ltr'>pertinacem,</span> <span class='ocrx_word' id='word_1_102' title='bbox 621 894 662 925; x_wconf 91' lang='lat' dir='ltr'>ut</span> <span class='ocrx_word' id='word_1_103' title='bbox 695 892 791 934; x_wconf 84' lang='lat' dir='ltr'>juris</span> <span class='ocrx_word' id='word_1_104' title='bbox 831 892 943 930; x_wconf 90' lang='lat' dir='ltr'>esset,</span> <span class='ocrx_word' id='word_1_105' title='bbox 984 891 1282 933; x_wconf 62' lang='lat' dir='ltr'>procedendum</span> <span class='ocrx_word' id='word_1_106' title='bbox 1323 892 1457 932; x_wconf 89' lang='lat' dir='ltr'>quibus</span> <span class='ocrx_word' id='word_1_107' title='bbox 1489 891 1627 925; x_wconf 89' lang='lat' dir='ltr'>litteris</span> <span class='ocrx_word' id='word_1_108' title='bbox 1659 893 1697 925; x_wconf 91' lang='lat' dir='ltr'>et</span> <span class='ocrx_word' id='word_1_109' title='bbox 1720 884 1967 934; x_wconf 55' lang='lat' dir='ltr'>&#39;requisitioni</span> 
     </span>
     <span class='ocr_line' id='line_1_13' title="bbox 336 945 1966 989; baseline -0.002 -6"><span class='ocrx_word' id='word_1_110' title='bbox 336 948 602 983; x_wconf 83' lang='lat' dir='ltr'>satisfaciendo</span> <span class='ocrx_word' id='word_1_111' title='bbox 627 956 788 980; x_wconf 89' lang='lat' dir='ltr'>unacum</span> <span class='ocrx_word' id='word_1_112' title='bbox 812 946 993 989; x_wconf 84' lang='lat' dir='ltr'>religioso</span> <span class='ocrx_word' id='word_1_113' title='bbox 1018 946 1099 979; x_wconf 88' lang='lat' dir='ltr'>viro</span> <span class='ocrx_word' id='word_1_114' title='bbox 1127 947 1246 979; x_wconf 78' lang='lat' dir='ltr'>fratre</span> <span class='ocrx_word' id='word_1_115' title='bbox 1268 946 1291 980; x_wconf 82' lang='lat' dir='ltr'><strong>J</strong></span> <span class='ocrx_word' id='word_1_116' title='bbox 1296 945 1441 980; x_wconf 86' lang='lat' dir='ltr'>ohanne</span> <span class='ocrx_word' id='word_1_117' title='bbox 1466 946 1613 986; x_wconf 87' lang='lat' dir='ltr'>Lansel,</span> <span class='ocrx_word' id='word_1_118' title='bbox 1645 947 1734 979; x_wconf 89' lang='lat' dir='ltr'>dicti</span> <span class='ocrx_word' id='word_1_119' title='bbox 1762 947 1966 980; x_wconf 88' lang='lat' dir='ltr'>conventus</span> 
     </span>
    </p>
   </div>
   <div class='ocr_carea' id='block_1_3' title="bbox 337 1001 2018 1044">
    <p class='ocr_par' dir='ltr' id='par_1_3' title="bbox 337 1001 2018 1044">
     <span class='ocr_line' id='line_1_14' title="bbox 337 1001 2018 1044; baseline -0.002 -6"><span class='ocrx_word' id='word_1_120' title='bbox 337 1004 544 1039; x_wconf 89' lang='lat' dir='ltr'>Insulensis</span> <span class='ocrx_word' id='word_1_121' title='bbox 558 1003 712 1042; x_wconf 86' lang='lat' dir='ltr'>lectore,</span> <span class='ocrx_word' id='word_1_122' title='bbox 733 1002 779 1035; x_wconf 87' lang='lat' dir='ltr'>ad</span> <span class='ocrx_word' id='word_1_123' title='bbox 795 1002 891 1035; x_wconf 81' lang='lat' dir='ltr'>lianc</span> <span class='ocrx_word' id='word_1_124' title='bbox 909 1002 1097 1034; x_wconf 89' lang='lat' dir='ltr'>civitatem</span> <span class='ocrx_word' id='word_1_125' title='bbox 1115 1002 1337 1043; x_wconf 82' lang='lat' dir='ltr'>accesserat,</span> <span class='ocrx_word' id='word_1_126' title='bbox 1356 1003 1397 1034; x_wconf 93' lang='lat' dir='ltr'>ut</span> <span class='ocrx_word' id='word_1_127' title='bbox 1409 1002 1448 1034; x_wconf 92' lang='lat' dir='ltr'>in</span> <span class='ocrx_word' id='word_1_128' title='bbox 1465 1001 1546 1035; x_wconf 92' lang='lat' dir='ltr'>loco</span> <span class='ocrx_word' id='word_1_129' title='bbox 1565 1001 1777 1044; x_wconf 85' lang='lat' dir='ltr'>capitulari,</span> <span class='ocrx_word' id='word_1_130' title='bbox 1791 1002 1967 1044; x_wconf 85' lang='lat' dir='ltr'>presente</span> <span class='ocrx_word' id='word_1_131' title='bbox 2016 1037 2018 1040; x_wconf 54' lang='grc'>,</span> 
     </span>
    </p>
   </div>
   <div class='ocr_carea' id='block_1_4' title="bbox 337 1056 1974 2969">
    <p class='ocr_par' dir='ltr' id='par_1_4' title="bbox 337 1056 1974 2969">
     <span class='ocr_line' id='line_1_15' title="bbox 337 1056 1963 1102; baseline -0.003 -9"><span class='ocrx_word' id='word_1_132' title='bbox 337 1069 416 1098; x_wconf 88' lang='grc'>100,</span> <span class='ocrx_word' id='word_1_133' title='bbox 444 1060 566 1102; x_wconf 88' lang='lat' dir='ltr'>primo</span> <span class='ocrx_word' id='word_1_134' title='bbox 595 1067 679 1091; x_wconf 90' lang='grc'>011111</span> <span class='ocrx_word' id='word_1_135' title='bbox 706 1057 820 1090; x_wconf 88' lang='lat' dir='ltr'>certis</span> <span class='ocrx_word' id='word_1_136' title='bbox 853 1057 1041 1098; x_wconf 87' lang='lat' dir='ltr'>deputatis</span> <span class='ocrx_word' id='word_1_137' title='bbox 1066 1056 1221 1098; x_wconf 86' lang='lat' dir='ltr'>capituli</span> <span class='ocrx_word' id='word_1_138' title='bbox 1245 1057 1283 1090; x_wconf 88' lang='lat' dir='ltr'>et</span> <span class='ocrx_word' id='word_1_139' title='bbox 1310 1057 1458 1096; x_wconf 88' lang='lat' dir='ltr'>deinde,</span> <span class='ocrx_word' id='word_1_140' title='bbox 1489 1058 1549 1090; x_wconf 89' lang='lat' dir='ltr'>die</span> <span class='ocrx_word' id='word_1_141' title='bbox 1578 1058 1764 1099; x_wconf 87' lang='lat' dir='ltr'>sequenti,</span> <span class='ocrx_word' id='word_1_142' title='bbox 1789 1057 1828 1090; x_wconf 89' lang='lat' dir='ltr'>in</span> <span class='ocrx_word' id='word_1_143' title='bbox 1854 1057 1963 1090; x_wconf 89' lang='lat' dir='ltr'>domo</span> 
     </span>
     <span class='ocr_line' id='line_1_16' title="bbox 339 1111 1968 1156; baseline -0.001 -8"><span class='ocrx_word' id='word_1_144' title='bbox 339 1114 567 1149; x_wconf 85' lang='lat' dir='ltr'>venerabilis</span> <span class='ocrx_word' id='word_1_145' title='bbox 591 1114 663 1146; x_wconf 88' lang='lat' dir='ltr'>viri</span> <span class='ocrx_word' id='word_1_146' title='bbox 687 1112 861 1156; x_wconf 84' lang='lat' dir='ltr'>magistri</span> <span class='ocrx_word' id='word_1_147' title='bbox 889 1111 1051 1145; x_wconf 88' lang='lat' dir='ltr'>Nicolaii</span> <span class='ocrx_word' id='word_1_148' title='bbox 1068 1112 1142 1144; x_wconf 90' lang='lat' dir='ltr'>Des</span> <span class='ocrx_word' id='word_1_149' title='bbox 1165 1112 1295 1145; x_wconf 84' lang='lat' dir='ltr'>Fieres</span> <span class='ocrx_word' id='word_1_150' title='bbox 1312 1121 1396 1145; x_wconf 89' lang='grc'>011111</span> <span class='ocrx_word' id='word_1_151' title='bbox 1420 1112 1561 1145; x_wconf 87' lang='lat' dir='ltr'>eisdem</span> <span class='ocrx_word' id='word_1_152' title='bbox 1579 1113 1778 1155; x_wconf 90' lang='lat' dir='ltr'>deputatis,</span> <span class='ocrx_word' id='word_1_153' title='bbox 1796 1121 1862 1146; x_wconf 91' lang='lat' dir='ltr'>reo</span> <span class='ocrx_word' id='word_1_154' title='bbox 1880 1114 1968 1147; x_wconf 91' lang='lat' dir='ltr'>tunc</span> 
     </span>
     <span class='ocr_line' id='line_1_17' title="bbox 340 1167 1965 1214; baseline -0.002 -10"><span class='ocrx_word' id='word_1_155' title='bbox 340 1171 506 1207; x_wconf 89' lang='lat' dir='ltr'>absente,</span> <span class='ocrx_word' id='word_1_156' title='bbox 526 1178 639 1210; x_wconf 86' lang='lat' dir='ltr'>super</span> <span class='ocrx_word' id='word_1_157' title='bbox 655 1168 871 1209; x_wconf 88' lang='lat' dir='ltr'>hujusmodi</span> <span class='ocrx_word' id='word_1_158' title='bbox 888 1167 1209 1209; x_wconf 85' lang='lat' dir='ltr'>propositionibus</span> <span class='ocrx_word' id='word_1_159' title='bbox 1235 1167 1586 1206; x_wconf 86' lang='lat' dir='ltr'>communicaverat,</span> <span class='ocrx_word' id='word_1_160' title='bbox 1606 1169 1643 1214; x_wconf 84' lang='lat' dir='ltr'>et</span> <span class='ocrx_word' id='word_1_161' title='bbox 1659 1168 1795 1201; x_wconf 79' lang='lat' dir='ltr'>exinde</span> <span class='ocrx_word' id='word_1_162' title='bbox 1813 1168 1965 1201; x_wconf 88' lang='lat' dir='ltr'>easdem</span> 
     </span>
     <span class='ocr_line' id='line_1_18' title="bbox 340 1221 1967 1268; baseline -0.001 -10"><span class='ocrx_word' id='word_1_163' title='bbox 340 1225 619 1268; x_wconf 85' lang='lat' dir='ltr'>propositiones</span> <span class='ocrx_word' id='word_1_164' title='bbox 636 1224 744 1265; x_wconf 80' lang='lat' dir='ltr'>juxta</span> <span class='ocrx_word' id='word_1_165' title='bbox 767 1223 825 1255; x_wconf 91' lang='lat' dir='ltr'>sui</span> <span class='ocrx_word' id='word_1_166' title='bbox 849 1222 1093 1264; x_wconf 82' lang='lat' dir='ltr'>capacitatem</span> <span class='ocrx_word' id='word_1_167' title='bbox 1111 1221 1255 1264; x_wconf 89' lang='lat' dir='ltr'>ingenii</span> <span class='ocrx_word' id='word_1_168' title='bbox 1273 1222 1319 1254; x_wconf 90' lang='lat' dir='ltr'>ad</span> <span class='ocrx_word' id='word_1_169' title='bbox 1336 1222 1522 1254; x_wconf 90' lang='lat' dir='ltr'>dictorum</span> <span class='ocrx_word' id='word_1_170' title='bbox 1547 1223 1810 1264; x_wconf 85' lang='lat' dir='ltr'>deputatorum</span> <span class='ocrx_word' id='word_1_171' title='bbox 1826 1223 1967 1256; x_wconf 87' lang='lat' dir='ltr'>instan-</span> 
     </span>
     <span class='ocr_line' id='line_1_19' title="bbox 342 1277 1971 1320; baseline -0.002 -6"><span class='ocrx_word' id='word_1_172' title='bbox 342 1282 432 1314; x_wconf 84' lang='lat' dir='ltr'>tiam</span> <span class='ocrx_word' id='word_1_173' title='bbox 458 1280 676 1312; x_wconf 88' lang='lat' dir='ltr'>visitaverat</span> <span class='ocrx_word' id='word_1_174' title='bbox 699 1279 738 1311; x_wconf 91' lang='lat' dir='ltr'>et</span> <span class='ocrx_word' id='word_1_175' title='bbox 761 1277 1060 1319; x_wconf 88' lang='lat' dir='ltr'>qualificaverat;</span> <span class='ocrx_word' id='word_1_176' title='bbox 1087 1278 1124 1310; x_wconf 89' lang='grc'>01</span> <span class='ocrx_word' id='word_1_177' title='bbox 1148 1278 1281 1318; x_wconf 85' lang='lat' dir='ltr'>expost</span> <span class='ocrx_word' id='word_1_178' title='bbox 1304 1277 1417 1310; x_wconf 89' lang='lat' dir='ltr'>certis</span> <span class='ocrx_word' id='word_1_179' title='bbox 1438 1286 1483 1310; x_wconf 77' lang='lat' dir='ltr'>ex</span> <span class='ocrx_word' id='word_1_180' title='bbox 1508 1277 1618 1310; x_wconf 91' lang='lat' dir='ltr'>dictis</span> <span class='ocrx_word' id='word_1_181' title='bbox 1643 1278 1843 1319; x_wconf 89' lang='lat' dir='ltr'>deputatis,</span> <span class='ocrx_word' id='word_1_182' title='bbox 1871 1279 1971 1320; x_wconf 90' lang='lat' dir='ltr'>quod</span> 
     </span>
     <span class='ocr_line' id='line_1_20' title="bbox 340 1332 1969 1379; baseline -0.001 -10"><span class='ocrx_word' id='word_1_183' title='bbox 340 1336 508 1379; x_wconf 85' lang='lat' dir='ltr'>cognitio</span> <span class='ocrx_word' id='word_1_184' title='bbox 533 1343 732 1368; x_wconf 85' lang='lat' dir='ltr'>causarum</span> <span class='ocrx_word' id='word_1_185' title='bbox 755 1334 793 1366; x_wconf 91' lang='lat' dir='ltr'>in</span> <span class='ocrx_word' id='word_1_186' title='bbox 819 1333 980 1366; x_wconf 87' lang='lat' dir='ltr'>materia</span> <span class='ocrx_word' id='word_1_187' title='bbox 1003 1332 1148 1365; x_wconf 86' lang='lat' dir='ltr'>heresis</span> <span class='ocrx_word' id='word_1_188' title='bbox 1173 1332 1219 1364; x_wconf 89' lang='lat' dir='ltr'>ad</span> <span class='ocrx_word' id='word_1_189' title='bbox 1248 1333 1486 1365; x_wconf 88' lang='lat' dir='ltr'>diocesanum</span> <span class='ocrx_word' id='word_1_190' title='bbox 1514 1342 1598 1365; x_wconf 90' lang='lat' dir='ltr'>cum</span> <span class='ocrx_word' id='word_1_191' title='bbox 1625 1333 1863 1374; x_wconf 89' lang='lat' dir='ltr'>inquisitore,</span> <span class='ocrx_word' id='word_1_192' title='bbox 1892 1334 1969 1367; x_wconf 89' lang='lat' dir='ltr'>tam</span> 
     </span>
     <span class='ocr_line' id='line_1_21' title="bbox 341 1386 1968 1434; baseline -0.002 -10"><span class='ocrx_word' id='word_1_193' title='bbox 341 1393 426 1434; x_wconf 75' lang='lat' dir='ltr'>J’ure</span> <span class='ocrx_word' id='word_1_194' title='bbox 445 1390 636 1423; x_wconf 89' lang='lat' dir='ltr'>ordinario</span> <span class='ocrx_word' id='word_1_195' title='bbox 651 1397 762 1430; x_wconf 90' lang='lat' dir='ltr'>quam</span> <span class='ocrx_word' id='word_1_196' title='bbox 776 1397 822 1421; x_wconf 83' lang='lat' dir='ltr'>ex</span> <span class='ocrx_word' id='word_1_197' title='bbox 836 1387 1074 1430; x_wconf 84' lang='lat' dir='ltr'>delegatione</span> <span class='ocrx_word' id='word_1_198' title='bbox 1092 1386 1308 1428; x_wconf 87' lang='lat' dir='ltr'>apostolica,</span> <span class='ocrx_word' id='word_1_199' title='bbox 1325 1387 1495 1429; x_wconf 88' lang='lat' dir='ltr'>spectare</span> <span class='ocrx_word' id='word_1_200' title='bbox 1513 1387 1683 1427; x_wconf 87' lang='lat' dir='ltr'>debebat,</span> <span class='ocrx_word' id='word_1_201' title='bbox 1700 1387 1968 1426; x_wconf 84' lang='lat' dir='ltr'>declaraverat,</span> 
     </span>
     <span class='ocr_line' id='line_1_22' title="bbox 343 1442 1969 1488; baseline -0.003 -8"><span class='ocrx_word' id='word_1_202' title='bbox 343 1447 389 1481; x_wconf 89' lang='lat' dir='ltr'>ad</span> <span class='ocrx_word' id='word_1_203' title='bbox 413 1445 512 1488; x_wconf 90' lang='lat' dir='ltr'>quod</span> <span class='ocrx_word' id='word_1_204' title='bbox 537 1445 659 1478; x_wconf 90' lang='lat' dir='ltr'>eidem</span> <span class='ocrx_word' id='word_1_205' title='bbox 684 1443 834 1476; x_wconf 90' lang='lat' dir='ltr'>domino</span> <span class='ocrx_word' id='word_1_206' title='bbox 860 1443 1065 1484; x_wconf 77' lang='lat' dir='ltr'>exponenti</span> <span class='ocrx_word' id='word_1_207' title='bbox 1081 1451 1305 1483; x_wconf 89' lang='lat' dir='ltr'>responsum</span> <span class='ocrx_word' id='word_1_208' title='bbox 1330 1442 1520 1481; x_wconf 75' lang='lat' dir='ltr'>extiterat,</span> <span class='ocrx_word' id='word_1_209' title='bbox 1547 1443 1646 1484; x_wconf 89' lang='lat' dir='ltr'>quod</span> <span class='ocrx_word' id='word_1_210' title='bbox 1662 1443 1801 1484; x_wconf 83' lang='lat' dir='ltr'>prefati</span> <span class='ocrx_word' id='word_1_211' title='bbox 1825 1443 1969 1476; x_wconf 88' lang='lat' dir='ltr'>domini</span> 
     </span>
     <span class='ocr_line' id='line_1_23' title="bbox 344 1496 1970 1542; baseline -0.003 -7"><span class='ocrx_word' id='word_1_212' title='bbox 344 1503 389 1535; x_wconf 91' lang='lat' dir='ltr'>de</span> <span class='ocrx_word' id='word_1_213' title='bbox 406 1499 571 1542; x_wconf 87' lang='lat' dir='ltr'>capitulo</span> <span class='ocrx_word' id='word_1_214' title='bbox 588 1499 739 1532; x_wconf 80' lang='lat' dir='ltr'>fuerant</span> <span class='ocrx_word' id='word_1_215' title='bbox 755 1499 793 1531; x_wconf 85' lang='lat' dir='ltr'>et</span> <span class='ocrx_word' id='word_1_216' title='bbox 810 1498 918 1531; x_wconf 87' lang='lat' dir='ltr'>erant</span> <span class='ocrx_word' id='word_1_217' title='bbox 933 1498 994 1539; x_wconf 89' lang='lat' dir='ltr'>(ex</span> <span class='ocrx_word' id='word_1_218' title='bbox 1011 1496 1227 1540; x_wconf 84' lang='lat' dir='ltr'>privilegio)</span> <span class='ocrx_word' id='word_1_219' title='bbox 1244 1497 1282 1529; x_wconf 89' lang='lat' dir='ltr'>in</span> <span class='ocrx_word' id='word_1_220' title='bbox 1299 1498 1536 1538; x_wconf 89' lang='lat' dir='ltr'>possessione</span> <span class='ocrx_word' id='word_1_221' title='bbox 1554 1498 1599 1531; x_wconf 93' lang='lat' dir='ltr'>de</span> <span class='ocrx_word' id='word_1_222' title='bbox 1616 1498 1739 1530; x_wconf 88' lang='lat' dir='ltr'>causis</span> <span class='ocrx_word' id='word_1_223' title='bbox 1755 1498 1794 1530; x_wconf 91' lang='lat' dir='ltr'>in</span> <span class='ocrx_word' id='word_1_224' title='bbox 1810 1497 1970 1531; x_wconf 86' lang='lat' dir='ltr'>materia</span> 
     </span>
     <span class='ocr_line' id='line_1_24' title="bbox 347 1551 1970 1597; baseline -0.002 -8"><span class='ocrx_word' id='word_1_225' title='bbox 347 1556 492 1590; x_wconf 89' lang='lat' dir='ltr'>heresis</span> <span class='ocrx_word' id='word_1_226' title='bbox 528 1553 795 1597; x_wconf 86' lang='lat' dir='ltr'>cognoscendi,</span> <span class='ocrx_word' id='word_1_227' title='bbox 831 1554 869 1585; x_wconf 92' lang='lat' dir='ltr'>et</span> <span class='ocrx_word' id='word_1_228' title='bbox 907 1553 952 1585; x_wconf 94' lang='lat' dir='ltr'>de</span> <span class='ocrx_word' id='word_1_229' title='bbox 984 1553 1126 1585; x_wconf 90' lang='lat' dir='ltr'>eisdem</span> <span class='ocrx_word' id='word_1_230' title='bbox 1158 1551 1250 1585; x_wconf 88' lang='lat' dir='ltr'>alias</span> <span class='ocrx_word' id='word_1_231' title='bbox 1281 1553 1554 1595; x_wconf 84' lang='lat' dir='ltr'>cognoverant3</span> <span class='ocrx_word' id='word_1_232' title='bbox 1589 1561 1661 1594; x_wconf 90' lang='lat' dir='ltr'>quo</span> <span class='ocrx_word' id='word_1_233' title='bbox 1697 1552 1891 1586; x_wconf 88' lang='lat' dir='ltr'>intellecto</span> <span class='ocrx_word' id='word_1_234' title='bbox 1930 1553 1970 1586; x_wconf 91' lang='lat' dir='ltr'>et</span> 
     </span>
     <span class='ocr_line' id='line_1_25' title="bbox 345 1607 1969 1650; baseline -0.002 -6"><span class='ocrx_word' id='word_1_235' title='bbox 345 1612 501 1650; x_wconf 89' lang='lat' dir='ltr'>attento,</span> <span class='ocrx_word' id='word_1_236' title='bbox 531 1609 714 1642; x_wconf 92' lang='lat' dir='ltr'>hodierno</span> <span class='ocrx_word' id='word_1_237' title='bbox 741 1609 800 1641; x_wconf 89' lang='lat' dir='ltr'>die</span> <span class='ocrx_word' id='word_1_238' title='bbox 833 1608 878 1641; x_wconf 89' lang='lat' dir='ltr'>de</span> <span class='ocrx_word' id='word_1_239' title='bbox 913 1616 1022 1640; x_wconf 89' lang='grc'>1110110</span> <span class='ocrx_word' id='word_1_240' title='bbox 1057 1607 1158 1640; x_wconf 85' lang='lat' dir='ltr'>circa</span> <span class='ocrx_word' id='word_1_241' title='bbox 1191 1607 1359 1640; x_wconf 88' lang='lat' dir='ltr'>octavam</span> <span class='ocrx_word' id='word_1_242' title='bbox 1391 1607 1522 1640; x_wconf 88' lang='lat' dir='ltr'>horam</span> <span class='ocrx_word' id='word_1_243' title='bbox 1552 1608 1660 1649; x_wconf 73' lang='lat' dir='ltr'>Juxta</span> <span class='ocrx_word' id='word_1_244' title='bbox 1690 1607 1969 1641; x_wconf 90' lang='lat' dir='ltr'>conclusionem</span> 
     </span>
     <span class='ocr_line' id='line_1_26' title="bbox 343 1662 1970 1708; baseline -0.002 -8"><span class='ocrx_word' id='word_1_245' title='bbox 343 1667 443 1700; x_wconf 87' lang='lat' dir='ltr'>inter</span> <span class='ocrx_word' id='word_1_246' title='bbox 460 1666 628 1708; x_wconf 80' lang='lat' dir='ltr'>prefatos</span> <span class='ocrx_word' id='word_1_247' title='bbox 643 1664 840 1705; x_wconf 87' lang='lat' dir='ltr'>deputatos</span> <span class='ocrx_word' id='word_1_248' title='bbox 854 1663 1012 1705; x_wconf 90' lang='lat' dir='ltr'>captam,</span> <span class='ocrx_word' id='word_1_249' title='bbox 1031 1663 1069 1695; x_wconf 91' lang='lat' dir='ltr'>in</span> <span class='ocrx_word' id='word_1_250' title='bbox 1088 1662 1248 1695; x_wconf 88' lang='lat' dir='ltr'>ecclesia</span> <span class='ocrx_word' id='word_1_251' title='bbox 1265 1662 1495 1695; x_wconf 86' lang='lat' dir='ltr'>Tornacensi</span> <span class='ocrx_word' id='word_1_252' title='bbox 1506 1663 1614 1704; x_wconf 85' lang='lat' dir='ltr'>juxta</span> <span class='ocrx_word' id='word_1_253' title='bbox 1625 1662 1790 1695; x_wconf 88' lang='lat' dir='ltr'>hostium</span> <span class='ocrx_word' id='word_1_254' title='bbox 1806 1663 1970 1704; x_wconf 90' lang='lat' dir='ltr'>primum</span> 
     </span>
     <span class='ocr_line' id='line_1_27' title="bbox 341 1717 1970 1764; baseline -0.003 -9"><span class='ocrx_word' id='word_1_255' title='bbox 341 1723 537 1764; x_wconf 88' lang='lat' dir='ltr'>ingressus</span> <span class='ocrx_word' id='word_1_256' title='bbox 572 1718 727 1761; x_wconf 89' lang='lat' dir='ltr'>capituli</span> <span class='ocrx_word' id='word_1_257' title='bbox 766 1718 1039 1760; x_wconf 87' lang='lat' dir='ltr'>comparuerat,</span> <span class='ocrx_word' id='word_1_258' title='bbox 1077 1718 1230 1751; x_wconf 90' lang='lat' dir='ltr'>vocatus</span> <span class='ocrx_word' id='word_1_259' title='bbox 1269 1717 1315 1750; x_wconf 90' lang='lat' dir='ltr'>ad</span> <span class='ocrx_word' id='word_1_260' title='bbox 1353 1719 1488 1750; x_wconf 89' lang='lat' dir='ltr'>contra</span> <span class='ocrx_word' id='word_1_261' title='bbox 1522 1718 1712 1759; x_wconf 79' lang='lat' dir='ltr'>prefatum</span> <span class='ocrx_word' id='word_1_262' title='bbox 1746 1717 1970 1760; x_wconf 87' lang='lat' dir='ltr'>magistrum</span> 
     </span>
     <span class='ocr_line' id='line_1_28' title="bbox 341 1773 1969 1827; baseline -0.003 -17"><span class='ocrx_word' id='word_1_263' title='bbox 341 1776 555 1811; x_wconf 80' lang='lat' dir='ltr'>Johannem</span> <span class='ocrx_word' id='word_1_264' title='bbox 579 1783 740 1807; x_wconf 88' lang='lat' dir='ltr'>unacum</span> <span class='ocrx_word' id='word_1_265' title='bbox 762 1773 920 1816; x_wconf 82' lang='lat' dir='ltr'>prefatis</span> <span class='ocrx_word' id='word_1_266' title='bbox 946 1773 1134 1815; x_wconf 89' lang='lat' dir='ltr'>deputatis</span> <span class='ocrx_word' id='word_1_267' title='bbox 1166 1773 1445 1806; x_wconf 86' lang='lat' dir='ltr'>sententialiter</span> <span class='ocrx_word' id='word_1_268' title='bbox 1472 1773 1766 1827; x_wconf 63' lang='lat' dir='ltr'>procedendum,</span> <span class='ocrx_word' id='word_1_269' title='bbox 1793 1773 1969 1814; x_wconf 90' lang='lat' dir='ltr'>quodque</span> 
     </span>
     <span class='ocr_line' id='line_1_29' title="bbox 343 1827 1972 1870; baseline -0.003 -5"><span class='ocrx_word' id='word_1_270' title='bbox 343 1841 387 1866; x_wconf 90' lang='lat' dir='ltr'>eo</span> <span class='ocrx_word' id='word_1_271' title='bbox 419 1831 560 1864; x_wconf 90' lang='lat' dir='ltr'>ibidem</span> <span class='ocrx_word' id='word_1_272' title='bbox 594 1830 713 1862; x_wconf 89' lang='grc'>(101100</span> <span class='ocrx_word' id='word_1_273' title='bbox 752 1837 773 1861; x_wconf 86' lang='grc'>0</span> <span class='ocrx_word' id='word_1_274' title='bbox 806 1828 964 1870; x_wconf 80' lang='lat' dir='ltr'>prefatis</span> <span class='ocrx_word' id='word_1_275' title='bbox 1001 1828 1189 1869; x_wconf 87' lang='lat' dir='ltr'>deputatis</span> <span class='ocrx_word' id='word_1_276' title='bbox 1231 1828 1453 1861; x_wconf 86' lang='lat' dir='ltr'>evocaretur</span> <span class='ocrx_word' id='word_1_277' title='bbox 1491 1828 1726 1870; x_wconf 83' lang='lat' dir='ltr'>expectante,</span> <span class='ocrx_word' id='word_1_278' title='bbox 1768 1827 1814 1860; x_wconf 90' lang='lat' dir='ltr'>ad</span> <span class='ocrx_word' id='word_1_279' title='bbox 1849 1827 1972 1869; x_wconf 87' lang='lat' dir='ltr'>ipsum</span> 
     </span>
     <span class='ocr_line' id='line_1_30' title="bbox 344 1882 1972 1926; baseline -0.004 -6"><span class='ocrx_word' id='word_1_280' title='bbox 344 1887 536 1920; x_wconf 91' lang='lat' dir='ltr'>dominum</span> <span class='ocrx_word' id='word_1_281' title='bbox 560 1884 815 1926; x_wconf 78' lang='lat' dir='ltr'>exponentem</span> <span class='ocrx_word' id='word_1_282' title='bbox 831 1883 987 1917; x_wconf 89' lang='lat' dir='ltr'>venerat</span> <span class='ocrx_word' id='word_1_283' title='bbox 1003 1882 1237 1915; x_wconf 90' lang='lat' dir='ltr'>honorabilis</span> <span class='ocrx_word' id='word_1_284' title='bbox 1252 1883 1310 1915; x_wconf 92' lang='lat' dir='ltr'>vir</span> <span class='ocrx_word' id='word_1_285' title='bbox 1324 1882 1348 1916; x_wconf 81' lang='lat' dir='ltr'><strong>J</strong></span> <span class='ocrx_word' id='word_1_286' title='bbox 1352 1883 1518 1916; x_wconf 89' lang='lat' dir='ltr'>ohannes</span> <span class='ocrx_word' id='word_1_287' title='bbox 1543 1882 1759 1921; x_wconf 89' lang='lat' dir='ltr'>Corvillain‚</span> <span class='ocrx_word' id='word_1_288' title='bbox 1776 1882 1972 1924; x_wconf 91' lang='lat' dir='ltr'>promotor</span> 
     </span>
     <span class='ocr_line' id='line_1_31' title="bbox 343 1937 1971 1980; baseline -0.003 -5"><span class='ocrx_word' id='word_1_289' title='bbox 343 1950 540 1976; x_wconf 86' lang='lat' dir='ltr'>causarum</span> <span class='ocrx_word' id='word_1_290' title='bbox 566 1939 680 1973; x_wconf 89' lang='lat' dir='ltr'>officii</span> <span class='ocrx_word' id='word_1_291' title='bbox 703 1939 832 1972; x_wconf 88' lang='lat' dir='ltr'>curiae</span> <span class='ocrx_word' id='word_1_292' title='bbox 856 1938 1118 1976; x_wconf 84' lang='lat' dir='ltr'>Tornaeensis,</span> <span class='ocrx_word' id='word_1_293' title='bbox 1145 1938 1186 1970; x_wconf 91' lang='lat' dir='ltr'>ut</span> <span class='ocrx_word' id='word_1_294' title='bbox 1208 1939 1432 1980; x_wconf 89' lang='lat' dir='ltr'>procurator</span> <span class='ocrx_word' id='word_1_295' title='bbox 1456 1939 1494 1971; x_wconf 89' lang='lat' dir='ltr'>et</span> <span class='ocrx_word' id='word_1_296' title='bbox 1518 1938 1683 1971; x_wconf 88' lang='lat' dir='ltr'>sindicus</span> <span class='ocrx_word' id='word_1_297' title='bbox 1710 1937 1909 1971; x_wconf 89' lang='lat' dir='ltr'>reverendi</span> <span class='ocrx_word' id='word_1_298' title='bbox 1931 1937 1971 1970; x_wconf 87' lang='lat' dir='ltr'>in</span> 
     </span>
     <span class='ocr_line' id='line_1_32' title="bbox 346 1992 1970 2038; baseline -0.004 -8"><span class='ocrx_word' id='word_1_299' title='bbox 346 1997 494 2031; x_wconf 89' lang='lat' dir='ltr'>Christo</span> <span class='ocrx_word' id='word_1_300' title='bbox 521 1995 640 2038; x_wconf 89' lang='lat' dir='ltr'>patris</span> <span class='ocrx_word' id='word_1_301' title='bbox 671 1994 709 2027; x_wconf 90' lang='lat' dir='ltr'>et</span> <span class='ocrx_word' id='word_1_302' title='bbox 741 1993 882 2026; x_wconf 89' lang='lat' dir='ltr'>domini</span> <span class='ocrx_word' id='word_1_303' title='bbox 911 1993 1052 2025; x_wconf 87' lang='lat' dir='ltr'>domini</span> <span class='ocrx_word' id='word_1_304' title='bbox 1082 1993 1206 2026; x_wconf 91' lang='lat' dir='ltr'>Caroli</span> <span class='ocrx_word' id='word_1_305' title='bbox 1235 1993 1280 2026; x_wconf 90' lang='lat' dir='ltr'>de</span> <span class='ocrx_word' id='word_1_306' title='bbox 1308 1992 1419 2035; x_wconf 86' lang='lat' dir='ltr'>Croy,</span> <span class='ocrx_word' id='word_1_307' title='bbox 1448 1992 1559 2027; x_wconf 89' lang='lat' dir='ltr'>electi</span> <span class='ocrx_word' id='word_1_308' title='bbox 1590 1994 1628 2026; x_wconf 89' lang='lat' dir='ltr'>et</span> <span class='ocrx_word' id='word_1_309' title='bbox 1655 1992 1970 2026; x_wconf 87' lang='lat' dir='ltr'>administratoris</span> 
     </span>
     <span class='ocr_line' id='line_1_33' title="bbox 345 2047 1970 2090; baseline -0.003 -5"><span class='ocrx_word' id='word_1_310' title='bbox 345 2051 528 2086; x_wconf 89' lang='lat' dir='ltr'>ecclesiae</span> <span class='ocrx_word' id='word_1_311' title='bbox 545 2049 807 2088; x_wconf 90' lang='lat' dir='ltr'>Tornacensis‚</span> <span class='ocrx_word' id='word_1_312' title='bbox 835 2048 898 2089; x_wconf 90' lang='lat' dir='ltr'>qui</span> <span class='ocrx_word' id='word_1_313' title='bbox 914 2049 952 2081; x_wconf 89' lang='lat' dir='ltr'>in</span> <span class='ocrx_word' id='word_1_314' title='bbox 976 2048 1115 2081; x_wconf 87' lang='lat' dir='ltr'>notarii</span> <span class='ocrx_word' id='word_1_315' title='bbox 1132 2048 1274 2090; x_wconf 87' lang='lat' dir='ltr'>publici</span> <span class='ocrx_word' id='word_1_316' title='bbox 1291 2049 1328 2081; x_wconf 91' lang='lat' dir='ltr'>et</span> <span class='ocrx_word' id='word_1_317' title='bbox 1346 2048 1498 2081; x_wconf 89' lang='lat' dir='ltr'>testium</span> <span class='ocrx_word' id='word_1_318' title='bbox 1513 2048 1706 2090; x_wconf 91' lang='lat' dir='ltr'>presentia</span> <span class='ocrx_word' id='word_1_319' title='bbox 1726 2047 1970 2090; x_wconf 85' lang='lat' dir='ltr'>allegaverat,</span> 
     </span>
     <span class='ocr_line' id='line_1_34' title="bbox 345 2100 1971 2147; baseline -0.003 -10"><span class='ocrx_word' id='word_1_320' title='bbox 345 2104 603 2147; x_wconf 88' lang='lat' dir='ltr'>cognitionem</span> <span class='ocrx_word' id='word_1_321' title='bbox 620 2110 819 2135; x_wconf 89' lang='lat' dir='ltr'>causarum</span> <span class='ocrx_word' id='word_1_322' title='bbox 833 2101 872 2133; x_wconf 92' lang='lat' dir='ltr'>in</span> <span class='ocrx_word' id='word_1_323' title='bbox 889 2101 1049 2133; x_wconf 89' lang='lat' dir='ltr'>materia</span> <span class='ocrx_word' id='word_1_324' title='bbox 1065 2101 1209 2134; x_wconf 89' lang='lat' dir='ltr'>heresis</span> <span class='ocrx_word' id='word_1_325' title='bbox 1228 2101 1273 2133; x_wconf 89' lang='lat' dir='ltr'>ad</span> <span class='ocrx_word' id='word_1_326' title='bbox 1288 2100 1477 2142; x_wconf 84' lang='lat' dir='ltr'>prefatum</span> <span class='ocrx_word' id='word_1_327' title='bbox 1495 2101 1711 2142; x_wconf 89' lang='lat' dir='ltr'>episcopum</span> <span class='ocrx_word' id='word_1_328' title='bbox 1728 2100 1971 2133; x_wconf 89' lang='lat' dir='ltr'>diocesanum</span> 
     </span>
     <span class='ocr_line' id='line_1_35' title="bbox 345 2154 1970 2198; baseline -0.003 -6"><span class='ocrx_word' id='word_1_329' title='bbox 345 2160 384 2193; x_wconf 88' lang='lat' dir='ltr'>et</span> <span class='ocrx_word' id='word_1_330' title='bbox 411 2158 656 2196; x_wconf 85' lang='lat' dir='ltr'>ordinarium,</span> <span class='ocrx_word' id='word_1_331' title='bbox 686 2157 728 2190; x_wconf 88' lang='lat' dir='ltr'>ut</span> <span class='ocrx_word' id='word_1_332' title='bbox 755 2164 880 2197; x_wconf 86' lang='lat' dir='ltr'>supra,</span> <span class='ocrx_word' id='word_1_333' title='bbox 912 2156 949 2189; x_wconf 88' lang='lat' dir='ltr'>et</span> <span class='ocrx_word' id='word_1_334' title='bbox 977 2165 1051 2188; x_wconf 92' lang='lat' dir='ltr'>non</span> <span class='ocrx_word' id='word_1_335' title='bbox 1079 2156 1125 2189; x_wconf 90' lang='lat' dir='ltr'>ad</span> <span class='ocrx_word' id='word_1_336' title='bbox 1151 2156 1318 2198; x_wconf 82' lang='lat' dir='ltr'>prefatos</span> <span class='ocrx_word' id='word_1_337' title='bbox 1345 2156 1516 2188; x_wconf 87' lang='lat' dir='ltr'>dominos</span> <span class='ocrx_word' id='word_1_338' title='bbox 1545 2155 1589 2188; x_wconf 90' lang='lat' dir='ltr'>de</span> <span class='ocrx_word' id='word_1_339' title='bbox 1617 2154 1783 2197; x_wconf 86' lang='lat' dir='ltr'>capitulo</span> <span class='ocrx_word' id='word_1_340' title='bbox 1813 2155 1858 2188; x_wconf 91' lang='lat' dir='ltr'>de</span> <span class='ocrx_word' id='word_1_341' title='bbox 1885 2155 1970 2197; x_wconf 82' lang='lat' dir='ltr'>jure</span> 
     </span>
     <span class='ocr_line' id='line_1_36' title="bbox 344 2209 1973 2257; baseline -0.004 -9"><span class='ocrx_word' id='word_1_342' title='bbox 344 2215 514 2257; x_wconf 88' lang='lat' dir='ltr'>spectare</span> <span class='ocrx_word' id='word_1_343' title='bbox 546 2213 687 2246; x_wconf 89' lang='lat' dir='ltr'>debere</span> <span class='ocrx_word' id='word_1_344' title='bbox 723 2212 761 2245; x_wconf 92' lang='lat' dir='ltr'>et</span> <span class='ocrx_word' id='word_1_345' title='bbox 798 2211 1004 2253; x_wconf 89' lang='lat' dir='ltr'>pertinere,</span> <span class='ocrx_word' id='word_1_346' title='bbox 1038 2211 1083 2242; x_wconf 92' lang='lat' dir='ltr'>ob</span> <span class='ocrx_word' id='word_1_347' title='bbox 1121 2210 1192 2243; x_wconf 91' lang='grc'>1100</span> <span class='ocrx_word' id='word_1_348' title='bbox 1226 2211 1440 2252; x_wconf 89' lang='lat' dir='ltr'>protestans</span> <span class='ocrx_word' id='word_1_349' title='bbox 1473 2219 1664 2252; x_wconf 84' lang='lat' dir='ltr'>expresse,</span> <span class='ocrx_word' id='word_1_350' title='bbox 1701 2219 1790 2243; x_wconf 89' lang='lat' dir='ltr'>casu</span> <span class='ocrx_word' id='word_1_351' title='bbox 1821 2219 1894 2251; x_wconf 90' lang='lat' dir='ltr'>quo</span> <span class='ocrx_word' id='word_1_352' title='bbox 1927 2209 1973 2242; x_wconf 86' lang='lat' dir='ltr'>ad</span> 
     </span>
     <span class='ocr_line' id='line_1_37' title="bbox 343 2264 1972 2312; baseline -0.003 -10"><span class='ocrx_word' id='word_1_353' title='bbox 343 2268 559 2312; x_wconf 85' lang='lat' dir='ltr'>hujusmodi</span> <span class='ocrx_word' id='word_1_354' title='bbox 583 2266 812 2301; x_wconf 85' lang='lat' dir='ltr'>sententiam</span> <span class='ocrx_word' id='word_1_355' title='bbox 830 2275 913 2299; x_wconf 92' lang='lat' dir='ltr'>cum</span> <span class='ocrx_word' id='word_1_356' title='bbox 932 2266 1041 2298; x_wconf 89' lang='lat' dir='ltr'>dictis</span> <span class='ocrx_word' id='word_1_357' title='bbox 1057 2266 1101 2299; x_wconf 90' lang='lat' dir='ltr'>de</span> <span class='ocrx_word' id='word_1_358' title='bbox 1119 2265 1282 2307; x_wconf 87' lang='lat' dir='ltr'>capitulo</span> <span class='ocrx_word' id='word_1_359' title='bbox 1299 2265 1505 2307; x_wconf 85' lang='lat' dir='ltr'>procedere</span> <span class='ocrx_word' id='word_1_360' title='bbox 1522 2264 1636 2298; x_wconf 88' lang='lat' dir='ltr'>vellet</span> <span class='ocrx_word' id='word_1_361' title='bbox 1652 2274 1718 2298; x_wconf 91' lang='lat' dir='ltr'>seu</span> <span class='ocrx_word' id='word_1_362' title='bbox 1735 2264 1972 2307; x_wconf 85' lang='lat' dir='ltr'>procederet,</span> 
     </span>
     <span class='ocr_line' id='line_1_38' title="bbox 347 2319 1974 2363; baseline -0.002 -7"><span class='ocrx_word' id='word_1_363' title='bbox 347 2324 392 2356; x_wconf 90' lang='lat' dir='ltr'>de</span> <span class='ocrx_word' id='word_1_364' title='bbox 431 2322 604 2355; x_wconf 89' lang='lat' dir='ltr'>nullitate</span> <span class='ocrx_word' id='word_1_365' title='bbox 642 2330 854 2363; x_wconf 87' lang='lat' dir='ltr'>processus,</span> <span class='ocrx_word' id='word_1_366' title='bbox 887 2321 1034 2362; x_wconf 81' lang='lat' dir='ltr'>prefate</span> <span class='ocrx_word' id='word_1_367' title='bbox 1069 2320 1255 2353; x_wconf 89' lang='lat' dir='ltr'>sententie</span> <span class='ocrx_word' id='word_1_368' title='bbox 1288 2321 1326 2352; x_wconf 91' lang='lat' dir='ltr'>et</span> <span class='ocrx_word' id='word_1_369' title='bbox 1357 2320 1522 2352; x_wconf 91' lang='lat' dir='ltr'>omnium</span> <span class='ocrx_word' id='word_1_370' title='bbox 1555 2319 1643 2352; x_wconf 89' lang='lat' dir='ltr'>inde</span> <span class='ocrx_word' id='word_1_371' title='bbox 1675 2319 1974 2361; x_wconf 82' lang='lat' dir='ltr'>sequendorum3</span> 
     </span>
     <span class='ocr_line' id='line_1_39' title="bbox 346 2373 1974 2420; baseline -0.003 -9"><span class='ocrx_word' id='word_1_372' title='bbox 346 2378 578 2420; x_wconf 85' lang='lat' dir='ltr'>subjungens</span> <span class='ocrx_word' id='word_1_373' title='bbox 601 2376 771 2418; x_wconf 80' lang='lat' dir='ltr'>prefatus</span> <span class='ocrx_word' id='word_1_374' title='bbox 797 2375 969 2408; x_wconf 89' lang='lat' dir='ltr'>dominus</span> <span class='ocrx_word' id='word_1_375' title='bbox 994 2384 1198 2416; x_wconf 87' lang='lat' dir='ltr'>exponens,</span> <span class='ocrx_word' id='word_1_376' title='bbox 1225 2375 1323 2416; x_wconf 91' lang='lat' dir='ltr'>quod</span> <span class='ocrx_word' id='word_1_377' title='bbox 1347 2375 1473 2407; x_wconf 82' lang='lat' dir='ltr'>statim</span> <span class='ocrx_word' id='word_1_378' title='bbox 1496 2375 1580 2416; x_wconf 84' lang='lat' dir='ltr'>post</span> <span class='ocrx_word' id='word_1_379' title='bbox 1603 2374 1819 2416; x_wconf 85' lang='lat' dir='ltr'>hujusmodi</span> <span class='ocrx_word' id='word_1_380' title='bbox 1836 2373 1974 2417; x_wconf 85' lang='lat' dir='ltr'>allega-</span> 
     </span>
     <span class='ocr_line' id='line_1_40' title="bbox 346 2429 1972 2473; baseline -0.002 -8"><span class='ocrx_word' id='word_1_381' title='bbox 346 2434 486 2465; x_wconf 86' lang='lat' dir='ltr'>tionem</span> <span class='ocrx_word' id='word_1_382' title='bbox 511 2432 548 2465; x_wconf 90' lang='lat' dir='ltr'>et</span> <span class='ocrx_word' id='word_1_383' title='bbox 571 2430 897 2473; x_wconf 84' lang='lat' dir='ltr'>protestationem,</span> <span class='ocrx_word' id='word_1_384' title='bbox 916 2431 956 2462; x_wconf 91' lang='lat' dir='ltr'>ut</span> <span class='ocrx_word' id='word_1_385' title='bbox 972 2430 1217 2472; x_wconf 89' lang='lat' dir='ltr'>premittitur,</span> <span class='ocrx_word' id='word_1_386' title='bbox 1235 2431 1364 2469; x_wconf 79' lang='lat' dir='ltr'>factas,</span> <span class='ocrx_word' id='word_1_387' title='bbox 1382 2430 1508 2462; x_wconf 83' lang='lat' dir='ltr'>fuerat</span> <span class='ocrx_word' id='word_1_388' title='bbox 1524 2430 1570 2462; x_wconf 89' lang='lat' dir='ltr'>ad</span> <span class='ocrx_word' id='word_1_389' title='bbox 1586 2429 1710 2462; x_wconf 87' lang='lat' dir='ltr'>locum</span> <span class='ocrx_word' id='word_1_390' title='bbox 1727 2429 1972 2471; x_wconf 86' lang='lat' dir='ltr'>capitularem</span> 
     </span>
     <span class='ocr_line' id='line_1_41' title="bbox 346 2484 1969 2527; baseline -0.002 -7"><span class='ocrx_word' id='word_1_391' title='bbox 346 2488 520 2521; x_wconf 87' lang='lat' dir='ltr'>evocatus</span> <span class='ocrx_word' id='word_1_392' title='bbox 545 2488 583 2520; x_wconf 90' lang='lat' dir='ltr'>et</span> <span class='ocrx_word' id='word_1_393' title='bbox 605 2486 745 2519; x_wconf 88' lang='lat' dir='ltr'>ibidem</span> <span class='ocrx_word' id='word_1_394' title='bbox 768 2494 838 2527; x_wconf 90' lang='lat' dir='ltr'>per</span> <span class='ocrx_word' id='word_1_395' title='bbox 860 2484 1116 2518; x_wconf 86' lang='lat' dir='ltr'>venerabilem</span> <span class='ocrx_word' id='word_1_396' title='bbox 1140 2486 1262 2517; x_wconf 90' lang='lat' dir='ltr'>virum</span> <span class='ocrx_word' id='word_1_397' title='bbox 1289 2485 1511 2527; x_wconf 87' lang='lat' dir='ltr'>magistrum</span> <span class='ocrx_word' id='word_1_398' title='bbox 1537 2484 1769 2517; x_wconf 88' lang='lat' dir='ltr'>Anthonium</span> <span class='ocrx_word' id='word_1_399' title='bbox 1796 2484 1842 2517; x_wconf 89' lang='lat' dir='ltr'>de</span> <span class='ocrx_word' id='word_1_400' title='bbox 1870 2484 1969 2526; x_wconf 87' lang='lat' dir='ltr'>May,</span> 
     </span>
     <span class='ocr_line' id='line_1_42' title="bbox 346 2539 1970 2582; baseline -0.002 -7"><span class='ocrx_word' id='word_1_401' title='bbox 346 2543 565 2575; x_wconf 88' lang='lat' dir='ltr'>canonicum</span> <span class='ocrx_word' id='word_1_402' title='bbox 589 2542 627 2574; x_wconf 88' lang='lat' dir='ltr'>et</span> <span class='ocrx_word' id='word_1_403' title='bbox 648 2540 851 2582; x_wconf 87' lang='lat' dir='ltr'>presidem,</span> <span class='ocrx_word' id='word_1_404' title='bbox 868 2540 1086 2581; x_wconf 87' lang='lat' dir='ltr'>requisitus,</span> <span class='ocrx_word' id='word_1_405' title='bbox 1106 2540 1147 2572; x_wconf 90' lang='lat' dir='ltr'>ut</span> <span class='ocrx_word' id='word_1_406' title='bbox 1170 2540 1217 2573; x_wconf 89' lang='lat' dir='ltr'>ad</span> <span class='ocrx_word' id='word_1_407' title='bbox 1242 2540 1504 2572; x_wconf 86' lang='lat' dir='ltr'>diffinitionem</span> <span class='ocrx_word' id='word_1_408' title='bbox 1522 2539 1670 2582; x_wconf 88' lang='lat' dir='ltr'>negocii</span> <span class='ocrx_word' id='word_1_409' title='bbox 1695 2540 1732 2572; x_wconf 86' lang='lat' dir='ltr'>et</span> <span class='ocrx_word' id='word_1_410' title='bbox 1755 2539 1970 2572; x_wconf 86' lang='lat' dir='ltr'>sentenciae</span> 
     </span>
     <span class='ocr_line' id='line_1_43' title="bbox 345 2594 1971 2639; baseline -0.002 -9"><span class='ocrx_word' id='word_1_411' title='bbox 345 2597 597 2639; x_wconf 87' lang='lat' dir='ltr'>prolationem</span> <span class='ocrx_word' id='word_1_412' title='bbox 614 2596 746 2628; x_wconf 86' lang='lat' dir='ltr'>contra</span> <span class='ocrx_word' id='word_1_413' title='bbox 763 2595 903 2628; x_wconf 90' lang='lat' dir='ltr'>dictum</span> <span class='ocrx_word' id='word_1_414' title='bbox 928 2595 980 2628; x_wconf 89' lang='lat' dir='ltr'>Le</span> <span class='ocrx_word' id='word_1_415' title='bbox 1004 2595 1116 2634; x_wconf 87' lang='lat' dir='ltr'>Grue,</span> <span class='ocrx_word' id='word_1_416' title='bbox 1136 2596 1307 2627; x_wconf 87' lang='lat' dir='ltr'>curatum</span> <span class='ocrx_word' id='word_1_417' title='bbox 1332 2596 1369 2628; x_wconf 89' lang='lat' dir='ltr'>et</span> <span class='ocrx_word' id='word_1_418' title='bbox 1394 2595 1598 2633; x_wconf 89' lang='lat' dir='ltr'>detentum,</span> <span class='ocrx_word' id='word_1_419' title='bbox 1625 2603 1788 2627; x_wconf 87' lang='lat' dir='ltr'>unacum</span> <span class='ocrx_word' id='word_1_420' title='bbox 1812 2594 1971 2636; x_wconf 80' lang='lat' dir='ltr'>prefatis</span> 
     </span>
     <span class='ocr_line' id='line_1_44' title="bbox 349 2648 1973 2692; baseline -0.002 -8"><span class='ocrx_word' id='word_1_421' title='bbox 349 2651 509 2684; x_wconf 90' lang='lat' dir='ltr'>dominis</span> <span class='ocrx_word' id='word_1_422' title='bbox 533 2651 673 2683; x_wconf 89' lang='lat' dir='ltr'>ibidem</span> <span class='ocrx_word' id='word_1_423' title='bbox 698 2649 958 2691; x_wconf 90' lang='lat' dir='ltr'>capitulariter</span> <span class='ocrx_word' id='word_1_424' title='bbox 975 2650 1216 2692; x_wconf 86' lang='lat' dir='ltr'>congregatis</span> <span class='ocrx_word' id='word_1_425' title='bbox 1232 2650 1428 2688; x_wconf 87' lang='lat' dir='ltr'>interesse,</span> <span class='ocrx_word' id='word_1_426' title='bbox 1447 2649 1653 2691; x_wconf 90' lang='lat' dir='ltr'>procedere</span> <span class='ocrx_word' id='word_1_427' title='bbox 1676 2649 1714 2682; x_wconf 94' lang='lat' dir='ltr'>et</span> <span class='ocrx_word' id='word_1_428' title='bbox 1737 2648 1973 2682; x_wconf 87' lang='lat' dir='ltr'>sentenciare</span> 
     </span>
     <span class='ocr_line' id='line_1_45' title="bbox 347 2704 1974 2747; baseline -0.001 -9"><span class='ocrx_word' id='word_1_429' title='bbox 347 2706 479 2747; x_wconf 81' lang='lat' dir='ltr'>vellet3</span> <span class='ocrx_word' id='word_1_430' title='bbox 506 2706 566 2739; x_wconf 87' lang='grc'>0111</span> <span class='ocrx_word' id='word_1_431' title='bbox 591 2705 832 2747; x_wconf 85' lang='lat' dir='ltr'>requisitioni</span> <span class='ocrx_word' id='word_1_432' title='bbox 855 2706 1116 2746; x_wconf 87' lang='lat' dir='ltr'>responderat,</span> <span class='ocrx_word' id='word_1_433' title='bbox 1143 2705 1378 2738; x_wconf 89' lang='lat' dir='ltr'>obstantibus</span> <span class='ocrx_word' id='word_1_434' title='bbox 1407 2704 1698 2747; x_wconf 85' lang='lat' dir='ltr'>allegationibus</span> <span class='ocrx_word' id='word_1_435' title='bbox 1726 2704 1764 2737; x_wconf 89' lang='lat' dir='ltr'>et</span> <span class='ocrx_word' id='word_1_436' title='bbox 1789 2704 1974 2745; x_wconf 85' lang='lat' dir='ltr'>protesta-</span> 
     </span>
     <span class='ocr_line' id='line_1_46' title="bbox 348 2758 1970 2802; baseline -0.002 -8"><span class='ocrx_word' id='word_1_437' title='bbox 348 2761 517 2794; x_wconf 90' lang='lat' dir='ltr'>cionibus</span> <span class='ocrx_word' id='word_1_438' title='bbox 541 2770 609 2802; x_wconf 89' lang='lat' dir='ltr'>per</span> <span class='ocrx_word' id='word_1_439' title='bbox 632 2761 821 2802; x_wconf 80' lang='lat' dir='ltr'>prefatum</span> <span class='ocrx_word' id='word_1_440' title='bbox 847 2759 1062 2797; x_wconf 87' lang='lat' dir='ltr'>Corvillain,</span> <span class='ocrx_word' id='word_1_441' title='bbox 1081 2760 1366 2802; x_wconf 88' lang='lat' dir='ltr'>procuratorem</span> <span class='ocrx_word' id='word_1_442' title='bbox 1384 2761 1421 2793; x_wconf 91' lang='lat' dir='ltr'>et</span> <span class='ocrx_word' id='word_1_443' title='bbox 1437 2760 1633 2798; x_wconf 87' lang='lat' dir='ltr'>sindicum,</span> <span class='ocrx_word' id='word_1_444' title='bbox 1659 2759 1701 2791; x_wconf 92' lang='lat' dir='ltr'>ut</span> <span class='ocrx_word' id='word_1_445' title='bbox 1726 2758 1970 2800; x_wconf 84' lang='lat' dir='ltr'>premittitur,</span> 
     </span>
     <span class='ocr_line' id='line_1_47' title="bbox 348 2812 1971 2856; baseline -0.002 -7"><span class='ocrx_word' id='word_1_446' title='bbox 348 2817 470 2853; x_wconf 81' lang='lat' dir='ltr'>factis,</span> <span class='ocrx_word' id='word_1_447' title='bbox 496 2815 653 2848; x_wconf 85' lang='lat' dir='ltr'>ulterius</span> <span class='ocrx_word' id='word_1_448' title='bbox 678 2815 716 2847; x_wconf 94' lang='lat' dir='ltr'>in</span> <span class='ocrx_word' id='word_1_449' title='bbox 740 2814 957 2856; x_wconf 83' lang='lat' dir='ltr'>hujusmodi</span> <span class='ocrx_word' id='word_1_450' title='bbox 981 2815 1139 2847; x_wconf 89' lang='lat' dir='ltr'>materia</span> <span class='ocrx_word' id='word_1_451' title='bbox 1162 2815 1369 2856; x_wconf 89' lang='lat' dir='ltr'>procedere</span> <span class='ocrx_word' id='word_1_452' title='bbox 1394 2824 1469 2847; x_wconf 89' lang='lat' dir='ltr'>non</span> <span class='ocrx_word' id='word_1_453' title='bbox 1491 2815 1629 2847; x_wconf 86' lang='lat' dir='ltr'>debere</span> <span class='ocrx_word' id='word_1_454' title='bbox 1654 2823 1722 2847; x_wconf 92' lang='lat' dir='ltr'>nec</span> <span class='ocrx_word' id='word_1_455' title='bbox 1745 2822 1868 2855; x_wconf 87' lang='lat' dir='ltr'>posse,</span> <span class='ocrx_word' id='word_1_456' title='bbox 1886 2812 1971 2846; x_wconf 87' lang='lat' dir='ltr'>alle-</span> 
     </span>
     <span class='ocr_line' id='line_1_48' title="bbox 352 2868 1970 2914; baseline -0.002 -11"><span class='ocrx_word' id='word_1_457' title='bbox 352 2871 473 2914; x_wconf 86' lang='lat' dir='ltr'>gando</span> <span class='ocrx_word' id='word_1_458' title='bbox 505 2870 551 2902; x_wconf 88' lang='lat' dir='ltr'>ad</span> <span class='ocrx_word' id='word_1_459' title='bbox 582 2870 653 2901; x_wconf 91' lang='grc'>1100</span> <span class='ocrx_word' id='word_1_460' title='bbox 683 2870 918 2911; x_wconf 89' lang='lat' dir='ltr'>propositum</span> <span class='ocrx_word' id='word_1_461' title='bbox 948 2868 1153 2902; x_wconf 72' lang='lat' dir='ltr'>multorum</span> <span class='ocrx_word' id='word_1_462' title='bbox 1184 2869 1228 2902; x_wconf 84' lang='lat' dir='ltr'>de</span> <span class='ocrx_word' id='word_1_463' title='bbox 1259 2868 1371 2908; x_wconf 68' lang='lat' dir='ltr'>here„</span> <span class='ocrx_word' id='word_1_464' title='bbox 1404 2870 1537 2911; x_wconf 90' lang='lat' dir='ltr'>petens</span> <span class='ocrx_word' id='word_1_465' title='bbox 1571 2869 1719 2902; x_wconf 89' lang='lat' dir='ltr'>iteratis</span> <span class='ocrx_word' id='word_1_466' title='bbox 1742 2868 1886 2901; x_wconf 88' lang='lat' dir='ltr'>vicibus</span> <span class='ocrx_word' id='word_1_467' title='bbox 1926 2868 1970 2900; x_wconf 89' lang='lat' dir='ltr'>ab</span> 
     </span>
     <span class='ocr_line' id='line_1_49' title="bbox 354 2922 1972 2969; baseline -0.001 -10"><span class='ocrx_word' id='word_1_468' title='bbox 354 2934 467 2959; x_wconf 85' lang='lat' dir='ltr'>onere</span> <span class='ocrx_word' id='word_1_469' title='bbox 483 2925 595 2967; x_wconf 88' lang='lat' dir='ltr'>hujus</span> <span class='ocrx_word' id='word_1_470' title='bbox 617 2924 781 2969; x_wconf 87' lang='lat' dir='ltr'>benigne</span> <span class='ocrx_word' id='word_1_471' title='bbox 806 2924 1040 2968; x_wconf 83' lang='lat' dir='ltr'>supportari3</span> <span class='ocrx_word' id='word_1_472' title='bbox 1067 2925 1105 2959; x_wconf 87' lang='lat' dir='ltr'>et</span> <span class='ocrx_word' id='word_1_473' title='bbox 1121 2924 1184 2959; x_wconf 89' lang='lat' dir='ltr'>ubi</span> <span class='ocrx_word' id='word_1_474' title='bbox 1200 2924 1338 2969; x_wconf 78' lang='lat' dir='ltr'>prefati</span> <span class='ocrx_word' id='word_1_475' title='bbox 1355 2924 1496 2957; x_wconf 90' lang='lat' dir='ltr'>domini</span> <span class='ocrx_word' id='word_1_476' title='bbox 1514 2924 1558 2959; x_wconf 88' lang='grc'>(10</span> <span class='ocrx_word' id='word_1_477' title='bbox 1575 2923 1738 2968; x_wconf 86' lang='lat' dir='ltr'>capitulo</span> <span class='ocrx_word' id='word_1_478' title='bbox 1757 2922 1972 2966; x_wconf 82' lang='lat' dir='ltr'>allegabant</span> 
     </span>
    </p>
   </div>
  </div>
 </body>
</html>
