2096 3481
781 253 919 287 ANNO
949 253 1030 288 1524
1661 255 1726 292 289

851 426 972 468 233.

164 566 303 613 1524,
333 561 601 618 September
644 566 688 614 6,
733 563 895 606 Bazel.
926 560 1166 604 Uittreksel
1208 562 1269 606 uit
1314 576 1449 606 eenen
1492 562 1607 607 brief
1641 578 1727 608 van

90 632 296 678 Erasmus
320 647 402 677 aan
426 634 590 691 Philips
616 634 931 678 Melanchthon
956 649 1060 678 over
1087 635 1139 678 de
1172 634 1586 693 kettervervolging
1609 638 1650 680 in
1674 638 1726 681 de

90 701 412 748 Nederlanden.
440 728 493 737 —
516 704 584 760 Hij
613 703 838 747 verklaart
862 704 956 747 zich
990 708 1120 760 tegen
1148 705 1199 748 de
1224 705 1420 762 bloedige
1454 706 1726 750 onderdruk-

93 771 200 828 king
219 771 297 815 der
312 772 608 816 Lutheranen.
632 772 732 815 Men
751 771 836 815 had
854 772 1056 829 gedacht,
1084 774 1156 817 dat
1178 774 1230 817 de
1248 774 1514 818 marteldood
1534 789 1617 818 van
1642 790 1721 820 een

91 854 198 898 paar
218 841 386 884 ketters
408 844 452 885 te
474 841 650 885 Brussel
676 842 727 885 de
749 841 943 885 anderen
966 846 1032 886 tot
1055 841 1292 900 bekeering
1315 857 1392 888 zou
1416 843 1628 901 brengen,
1666 859 1719 888 en

91 909 156 953 dit
175 909 295 954 heeft
317 910 591 967 integendeel
615 911 712 954 vele
737 910 909 955 nieuwe
932 911 1215 956 Lutheranen
1240 912 1349 956 doen
1374 915 1597 958 ontstaan.

134 1002 206 1036 Sed
230 1003 395 1042 interim,
422 1004 558 1045 inquis,
586 1003 691 1037 addis
717 1004 861 1038 animos
887 1005 1058 1046 tyrannis
1083 1007 1123 1038 ut
1147 1005 1327 1039 saeviant.
1357 1006 1475 1039 Nemo
1502 1005 1723 1049 diligentius

92 1058 312 1092 dehortatus
340 1060 397 1092 cst
425 1068 446 1092 a
473 1060 641 1098 saevitia,
673 1069 782 1093 nemo
808 1060 965 1093 liberius
994 1070 1104 1101 quam
1129 1070 1213 1103 ego.
1242 1061 1289 1094 Et
1313 1062 1343 1093 si
1368 1062 1575 1103 papisticac
1601 1065 1726 1095 sectae

93 1122 213 1146 essem
246 1113 535 1152 addictissimus,
570 1115 694 1147 tamen
728 1114 985 1147 dissuaderem
1017 1116 1226 1153 saevitiam,
1261 1116 1359 1157 quod
1392 1116 1461 1148 hac
1491 1117 1551 1148 via
1584 1116 1727 1158 largius

93 1169 296 1211 spargitur.
344 1168 509 1201 Proinde
548 1169 783 1210 perspiciens
827 1169 898 1201 hoc
939 1169 1115 1202 Julianus
1160 1171 1278 1203 vetuit
1322 1171 1442 1203 occidi
1485 1171 1726 1204 christianos.

93 1222 280 1266 Theologi
304 1224 519 1262 credebant,
549 1224 581 1256 si
610 1224 815 1257 Bruxellae
843 1225 1138 1258 combussissent
1168 1235 1282 1257 unum
1309 1227 1420 1266 atque
1446 1225 1619 1265 aiterum,
1644 1227 1728 1259 fore

92 1279 133 1310 ut
157 1287 286 1311 omnes
311 1278 615 1311 emendarentur.
642 1279 697 1311 Ea
722 1287 822 1312 mors
847 1279 984 1312 multos
1009 1280 1100 1312 fecit
1124 1280 1375 1312 Luthcranos.
1396 1280 1469 1313 Sed
1488 1282 1550 1313 isti
1576 1281 1727 1322 quidam

90 1334 346 1366 vociferantur
370 1334 478 1366 obrui
503 1333 769 1375 Euangelium,
800 1334 831 1366 si
860 1335 943 1375 quis
971 1335 1130 1367 obsistat
1155 1336 1322 1376 ipsorum
1352 1336 1540 1369 vesaniae.
1572 1336 1655 1369 Non
1682 1337 1728 1369 ad

90 1387 161 1421 hoc
178 1388 277 1422 valet
293 1388 544 1432 Euangelium
568 1391 610 1422 ut
632 1399 831 1431 peccemus
857 1391 1022 1432 impune,
1049 1391 1115 1423 sed
1141 1399 1186 1423 ne
1210 1400 1421 1432 peccemuS,
1442 1392 1590 1424 etiamsi
1614 1391 1728 1425 liceat

90 1445 255 1487 impune.
274 1444 415 1478 Verum
431 1444 536 1478 hisce
554 1445 598 1478 de
616 1445 730 1478 rebus
748 1445 832 1487 plus
851 1446 955 1478 sat-is.

438 1533 630 1573 Erasmus,
659 1534 778 1578 Opera
803 1536 942 1574 omnia,
970 1534 1052 1568 decl
1079 1531 1147 1575 ΙΙΙ,
1172 1545 1260 1578 pars
1278 1535 1306 1575 Ι,
1326 1535 1396 1569 blz.
1415 1535 1491 1569 820.
1510 1536 1632 1569 -Zie
1657 1536 1727 1569 ook

481 1590 616 1623 verder
634 1590 679 1623 de
696 1590 853 1624 stukken
871 1596 910 1623 nr
927 1590 1002 1630 239,
1021 1590 1090 1623 blz,
1111 1591 1174 1624 294
1193 1601 1239 1624 cn
1259 1598 1298 1623 nr
1315 1592 1392 1631 242,
1414 1591 1482 1624 blz.
1501 1591 1579 1625 297.

844 1749 967 1793 234.

157 1892 297 1940 1524,
323 1886 429 1936 Julz·
456 1891 515 1931 13
549 1899 607 1931 en
640 1886 910 1943 September
947 1891 990 1939 9,
1036 1888 1070 1930 ’s
1097 1886 1427 1945 Gravenhaye.
1476 1883 1720 1931 Uittreksel

88 1959 152 2005 uit
184 1960 236 2004 de
269 1960 537 2017 rekeningen
563 1973 645 2005 van
667 1959 743 2003 het
782 1959 870 2002 Hos
902 1973 986 2003 van
1024 1960 1213 2003 Holland
1248 1973 1353 2003 over
1376 1960 1427 2004 de
1473 1959 1721 2004 verbeurde

86 2029 301 2087 goederen
335 2044 418 2074 van
442 2031 525 2074 Jan
550 2030 771 2074 Zevertsz.
800 2055 853 2062 —
875 2029 947 2073 Na
968 2029 1051 2073 den
1075 2029 1236 2072 inhoud
1260 2043 1344 2074 van
1377 2029 1454 2073 het
1476 2029 1722 2073 banvonnis

85 2102 216 2156 tegen
237 2100 322 2144 Jan
343 2100 561 2144 Zevertsz.
583 2098 909 2156 uitgesproken,
936 2098 1208 2155 aangehaald
1230 2102 1274 2142 te
1297 2098 1486 2152 hebben,
1509 2099 1658 2143 wordt
1676 2113 1724 2142 er

86 2170 386 2226 aangemerkt,
413 2169 489 2213 dat
505 2168 557 2212 de
581 2168 886 2213 veroordeelde
906 2168 1001 2212 veel
1023 2181 1141 2211 meer
1163 2168 1376 2211 schulden
1405 2168 1490 2212 had
1509 2169 1593 2212 dan
1619 2182 1723 2226 goe-

87 2238 238 2284 deren.
272 2239 561 2295 Dienvolgens
598 2239 634 2282 is
657 2252 739 2282 aan
773 2238 885 2296 zijne
921 2237 1175 2282 huisvrouw
1209 2237 1287 2282 het
1328 2238 1456 2282 recht
1499 2252 1583 2281 van
1623 2252 1722 2281 ver-

87 2306 479 2365 beurdverklaring
514 2307 731 2352 verkocht
758 2307 994 2364 geworden
1029 2320 1136 2351 voor
1172 2305 1225 2350 de
1269 2320 1361 2350 som
1403 2321 1485 2351 van
1524 2307 1720 2350 honderd

87 2377 218 2434 pond,
243 2376 404 2422 binnen
428 2377 480 2421 de
503 2377 722 2436 vijfjaren
746 2382 789 2421 te
813 2376 1005 2420 betalen.
1047 2377 1197 2420 Pieter
1231 2376 1516 2429 Romboutsz,
1545 2381 1721 2434 poorter

87 2460 172 2491 van
205 2447 379 2500 Leiden,
406 2447 528 2493 werd
551 2452 616 2491 tot
639 2447 746 2504 borg
780 2446 1055 2504 aangesteld.

310 2551 439 2587 Ander
462 2552 635 2596 ontfanck
657 2562 730 2587 van
751 2550 920 2596 yerechte
943 2550 1036 2586 ende
1055 2551 1251 2595 {jebannen
1269 2561 1490 2595 persoonen.

127 2627 201 2664 Jan
227 2629 414 2665 Zeucrtsz.
444 2640 515 2664 van
539 2631 704 2673 Lc5den‚
731 2630 948 2673 gedaechdc
973 2630 1068 2663 cndc
1086 2629 1321 2667 deffailliant.
1342 2630 1401 2663 die
1427 2631 1483 2662 tot
1510 2628 1717 2663 versoucke

84 2686 230 2719 vandcn
254 2695 376 2720 voors.
402 2695 610 2728 procureur
634 2686 811 2729 generael
831 2687 1033 2727 impetrant
1050 2694 1141 2718 voor
1159 2685 1229 2717 den
1252 2694 1374 2718 mors.
1395 2684 1503 2719 Houc
1523 2694 1715 2728 geroepen

83 2741 118 2783 js
141 2744 307 2784 geweest
331 2745 421 2784 vuyt
442 2742 590 2779 saeckc,
610 2742 672 2774 dat
697 2742 745 2784 by
769 2751 864 2783 open
889 2741 1079 2783 placcnetc
1104 2741 1245 2773 vander
1270 2740 1316 2773 K.
1346 2740 1395 2774 Mt
1423 2741 1460 2772 in
1491 2740 1579 2773 desc
1604 2740 1715 2773 lande

83 2797 338 2836 vex-condient,
369 2797 688 2840 achteruolgende
717 2798 776 2830 dic
806 2796 1091 2839 verclacringhe
1120 2806 1190 2828 van
1220 2806 1336 2829 onsen
1366 2795 1571 2838 heylighcn
1601 2796 1715 2828 vader

86 2852 157 2885 den
188 2862 280 2895 paus
312 2862 382 2886 van
412 2852 585 2886 Roomen
615 2853 709 2885 ende
743 2851 940 2885 diuers-che
981 2852 1292 2893 uniucrsiteytcn.
1331 2850 1386 2883 als
1426 2851 1488 2883 dat
1528 2851 1712 2884 Martinus

85 2908 273 2941 Lutherus
300 2907 496 2951 lecringhc
524 2910 767 2950 gercputcert
799 2908 894 2940 ende
923 2907 1107 2940 verclacrt
1136 2908 1170 2948 js
1210 2908 1375 2949 gcwccst
1414 2906 1586 2939 heretick
1618 2907 1713 2939 ende

86 2962 399 3003 onwaerachtich,
429 2964 736 2996 contraricremlc
769 2962 937 3006 theyligc
976 2962 1128 2995 kerstcn
1162 2962 1297 3005 goloue
1331 2961 1425 2994 ende
1458 2962 1713 2995 ordonnancic

1575 3060 1615 3094 19
