2096 3481
317 290 379 323 108
1020 287 1156 321 ANNO
1181 287 1262 320 1522?

315 399 541 434 sacerdotes.
561 399 737 438 tanquam
755 397 941 430 haeresim
959 396 1052 430 illud
1071 397 1250 438 reprobm
1270 396 1391 429 erravi
1409 396 1509 428 enim
1526 396 1701 438 dignitati
1718 395 1941 430 sacerdotali

316 455 502 494 derogans
531 453 568 484 et
584 452 782 484 maximam
799 452 1057 485 confusionem
1085 452 1121 484 in
1139 452 1276 484 statum
1293 450 1583 483 christianorum
1600 451 1780 484 inducens
1797 451 1835 484 et
1847 450 1942 483 ordi-

317 517 399 540 nem
414 506 688 539 hierarchicum
705 511 943 547 pervertens;
962 507 1166 539 instructus
1181 506 1256 547 Jam
1281 505 1414 543 sentio,
1434 504 1578 537 nullum
1595 514 1677 538 esse
1693 506 1938 546 sacerdotem,

315 562 378 602 qui
396 562 514 603 possit
530 562 714 594 conficere
732 570 866 602 corpus
895 561 1034 594 Christi
1057 562 1095 594 et
1107 570 1128 593 a
1144 560 1306 602 peccatis
1324 559 1530 597 absolvere,
1561 560 1632 592 nisi
1645 560 1709 601 qui
1722 561 1779 593 est
1805 560 1852 593 ad
1867 561 1940 594 hoc

314 617 506 648 ordinatus
524 616 568 648 ab
587 616 774 657 episcope,
793 616 997 648 secundum
1024 616 1138 648 ritum
1155 614 1336 648 ecclesiae
1360 613 1553 647 Romanae
1568 624 1577 655 ς
1595 615 1645 652 et,
1675 615 1706 647 si
1722 614 1808 647 laici
1825 615 1940 648 verba

313 671 607 704 consecrationis
624 672 850 712 proferrent,
869 670 982 703 etiam
998 679 1082 703 cum
1099 670 1308 703 intentione
1324 669 1568 701 consecrandi
1592 670 1630 702 et
1652 669 1767 702 verba
1797 669 1939 703 absolu-

316 726 429 758 tionis
446 735 529 758 cum
547 725 756 758 intentione
773 724 1002 763 absolvendi,
1029 734 1102 757 non
1121 724 1240 757 solum
1257 724 1469 765 peccarent,
1484 732 1613 756 verum
1637 724 1750 756 etiam
1767 733 1840 756 non
1853 733 1939 757 con-

312 782 505 815 secrarent
522 790 589 813 nec
603 780 857 819 absolverent;
877 780 980 813 etsie
997 780 1119 817 teneo,
1135 779 1233 820 quod
1245 779 1519 811 sacramentum
1532 778 1675 812 ordinis
1691 779 1749 812 est
1764 788 1879 812 unum
1891 779 1938 812 de

313 838 457 877 septem
470 836 714 867 sacramentis
732 844 753 867 a
770 835 917 868 Christo
937 835 1161 867 institutum.

353 890 458 929 Quod
490 891 614 922 autem
632 890 847 930 scripserim
879 890 917 922 et
944 889 1138 926 senserim,
1169 889 1319 921 modum
1351 888 1496 926 orandi,
1523 897 1633 929 quem
1661 888 1937 922 ecclesiasticae

310 954 495 986 personae
521 945 559 977 in
577 944 680 976 horis
697 944 886 977 canonicis
904 945 1044 982 tenent,
1064 952 1146 976 esse
1175 942 1478 984 superstitiosum
1495 943 1533 975 et
1546 942 1695 984 judaice
1717 943 1938 976 cerimonio-

310 1009 403 1038 sum,
428 999 563 1037 erravi,
592 1000 758 1032 sanctam
776 999 1051 1031 observantiam
1069 997 1251 1031 ecclesiae
1265 997 1481 1039 denigrans‚
1501 997 1672 1030 homines
1703 998 1749 1030 ab
1766 997 1936 1031 oratione

310 1054 348 1085 et
360 1051 676 1092 contemplatione
692 1051 904 1089 retrahenS,
930 1051 1028 1083 unde
1052 1050 1257 1082 instructus
1286 1049 1421 1087 sentio,
1441 1049 1573 1081 orandi
1590 1050 1628 1082 et
1658 1049 1936 1091 contemplandi

311 1105 463 1137 modum
492 1104 529 1136 in
548 1103 707 1136 ecclesia
722 1104 927 1144 receptum,
947 1111 1028 1135 esse
1052 1102 1263 1139 honestum,
1283 1102 1452 1133 sanctum
1466 1102 1504 1134 ct
1519 1101 1758 1133 laudandum.

352 1159 458 1197 Quod
476 1159 691 1199 scripserim
716 1159 754 1190 ct
780 1157 974 1196 senserim,
994 1157 1213 1190 servitutem
1241 1165 1336 1194 esse,
1355 1156 1454 1196 quod
1477 1156 1590 1188 certis
1619 1156 1749 1188 diebus
1773 1156 1811 1188 et
1832 1155 1935 1189 horis

309 1214 592 1255 praecipiuntur
618 1214 655 1245 in
681 1212 851 1245 ecclesiis
882 1212 1083 1244 convenire
1107 1211 1153 1243 ad
1185 1211 1382 1248 orandum,
1401 1211 1525 1243 erravi
1552 1210 1830 1249 execrabiliter,
1857 1210 1937 1243 nul-

308 1268 384 1300 lum
403 1268 602 1300 discrimen
627 1268 726 1299 inter
741 1268 976 1308 prophanum
1002 1268 1040 1298 et
1055 1275 1202 1299 sacrum
1218 1265 1373 1303 faciens,
1392 1266 1430 1297 et
1446 1265 1483 1297 in
1501 1266 1755 1306 contemptum
1772 1265 1810 1298 et
1833 1265 1938 1298 deso-

307 1323 486 1356 lationem
509 1324 548 1355 et
564 1323 816 1355 desertionem
846 1322 919 1354 loci
947 1321 1068 1361 sacri3
1099 1321 1198 1353 unde
1227 1320 1303 1361 J'am
1338 1320 1546 1358 institutus,
1581 1320 1715 1358 sentio,
1740 1319 1937 1353 ecclesiam

306 1377 584 1410 rationabiliter
601 1387 668 1409 nos
681 1377 794 1410 certis
812 1377 943 1409 diebus
970 1385 1080 1417 posse
1097 1375 1267 1417 obligare
1281 1374 1327 1406 ad
1344 1374 1641 1407 conveniendum
1668 1374 1713 1406 ad
1745 1373 1934 1413 ecclesias,

309 1434 347 1465 et
363 1433 433 1464 hoc
451 1442 524 1464 non
538 1433 663 1465 facere
677 1432 723 1464 ad
736 1431 967 1469 servitutem,
987 1431 1052 1463 sed
1068 1430 1194 1472 potius
1207 1430 1254 1462 ad
1270 1429 1483 1461 libertatem
1501 1429 1668 1470 spiritus.

349 1487 455 1526 Quod
472 1488 596 1520 autem
619 1487 835 1528 scripserim
862 1487 900 1518 et
926 1485 1121 1523 senserim,
1135 1494 1209 1517 non
1233 1493 1316 1517 esse
1339 1483 1485 1516 licitum
1517 1492 1586 1525 pro
1610 1483 1935 1518 administratione

304 1543 623 1575 sacramentorum
651 1542 689 1574 et
711 1541 913 1573 collatione
940 1539 1156 1581 sepulturae
1183 1540 1221 1572 et
1255 1538 1536 1580 praedicatione
1563 1538 1668 1571 verbi
1695 1538 1766 1571 Dei
1793 1538 1934 1580 aliquid

305 1597 441 1630 debere
458 1597 587 1638 recipi,
598 1596 732 1634 erravi,
751 1595 861 1628 Pauli
875 1595 1034 1636 apostoli
1052 1594 1244 1627 doctrinae
1260 1593 1559 1632 contraveniens,
1575 1593 1651 1634 qui,
1667 1593 1834 1634 quamvis
1858 1603 1933 1626 non

304 1651 502 1693 acceperit,
527 1651 688 1684 asseruit
712 1652 848 1688 tamen,
878 1650 1023 1682 licitum
1040 1657 1122 1682 esse
1139 1649 1173 1682 ei
1202 1648 1384 1689 accipere,
1404 1649 1442 1680 et
1468 1648 1623 1690 exigere
1649 1655 1718 1689 pro
1746 1647 1934 1691 evangelii

304 1706 600 1747 praediea.tione;
620 1706 718 1738 unde
745 1706 950 1737 instructus
974 1704 1108 1742 sentio,
1128 1704 1226 1744 quod
1243 1712 1311 1744 pro
1337 1702 1662 1735 administratione
1687 1703 1935 1735 sacramento-

303 1770 384 1792 rum
403 1761 526 1802 potest
543 1761 644 1792 licite
662 1760 803 1801 aliquid
821 1760 950 1800 accipi.
978 1759 1026 1792 Et
1056 1760 1189 1796 fateor,
1208 1767 1268 1790 me
1286 1758 1396 1790 nimis
1413 1757 1609 1790 licentiose
1626 1758 1773 1790 taxasse
1797 1758 1934 1790 statum

303 1816 611 1848 ecclesiasticum.

347 1870 451 1908 Quod
472 1870 675 1902 taxaverim
694 1870 972 1911 praedicatores
990 1868 1095 1901 verbi
1113 1867 1240 1905 divini,
1256 1868 1354 1907 quod
1382 1867 1420 1899 in
1433 1866 1676 1899 concionibus
1692 1867 1769 1899 suis
1796 1867 1934 1900 totiens

302 1925 492 1957 inculcant
523 1925 670 1957 sanctos
703 1925 874 1956 doctores
907 1923 1162 1960 scholasticos,
1199 1922 1322 1954 fatcor
1355 1931 1414 1954 me
1442 1921 1558 1954 sacris
1590 1921 1932 1962 praedicationibus

302 1980 515 2021 derogasse,
546 1981 583 2011 et
599 1988 724 2011 sacros
752 1978 996 2010 scholasticos
1010 1978 1183 2009 doctores
1200 1976 1491 2017 contempsisse3
1517 1977 1555 2009 et
1572 1976 1694 2009 sentio
1708 1976 1928 2015 instructus,

302 2044 366 2066 cos
384 2035 469 2075 apte
486 2044 595 2075 posse
613 2034 746 2066 adduci
771 2035 809 2066 et
825 2033 995 2075 allegari,
1015 2041 1099 2064 cum
1116 2032 1271 2064 verbum
1285 2031 1354 2063 Dei
1376 2031 1589 2072 exponitur.

345 2088 450 2127 Quod
468 2089 682 2130 scripserim
699 2090 737 2121 et
763 2088 945 2121 senserim
959 2087 1131 2119 omnibus
1157 2086 1246 2118 olim
1263 2085 1359 2121 citra
1379 2085 1498 2118 ullum
1523 2085 1737 2124 discrimen,
1763 2086 1931 2128 exceptis

300 2143 533 2181 mulieribus,
558 2153 640 2176 esse
667 2142 828 2175 liberum
860 2143 898 2174 in
925 2141 1076 2184 publico
1116 2141 1251 2173 docere
1279 2141 1317 2172 et
1347 2149 1472 2172 sacras
1500 2139 1646 2173 litteras
1673 2140 1929 2182 interpretari,

300 2199 422 2230 fatcor
438 2207 497 2230 me
525 2207 685 2236 errasse,
716 2200 754 2230 et
783 2198 822 2230 in
851 2197 1106 2238 contemptum
1131 2203 1322 2227 sacrarum
1348 2194 1560 2227 litterarum
1583 2194 1677 2227 illud
1706 2195 1929 2234 adseruisse,

300 2262 345 2285 ex
361 2262 432 2293 quo
459 2253 613 2285 daretur
644 2252 789 2284 occasio
807 2252 845 2284 in
869 2251 1007 2284 multos
1035 2259 1185 2283 errores
1215 2249 1418 2287 incidendi,
1448 2250 1547 2282 unde
1574 2249 1780 2282 instructus
1794 2251 1928 2289 fateor,

301 2316 360 2340 me
388 2307 567 2340 laudabili
600 2307 782 2340 ccclesiae
814 2305 1077 2339 consuetudini
1105 2304 1379 2337 contradixisse
1406 2304 1444 2337 et
1471 2304 1592 2336 sentio
1615 2313 1820 2337 consonum
1848 2313 1931 2338 esse

300 2362 452 2400 rationi,
473 2362 646 2403 deputari
663 2361 808 2402 aliquos
826 2370 894 2402 per
918 2360 1115 2393 ecclesiam
1132 2359 1179 2392 ad
1196 2359 1403 2391 docendum
1428 2359 1466 2391 et
1489 2359 1793 2399 praedicandum,
1820 2359 1861 2391 ut
1871 2358 1932 2391 via

301 2416 510 2448 seminandi
528 2425 677 2449 errores
694 2415 974 2458 praecludatur,
990 2414 1074 2447 aliis
1092 2415 1137 2447 ad
1154 2414 1192 2446 id
1211 2423 1285 2445 non
1297 2413 1559 2445 indifferenter
1576 2410 1759 2445 admissis.

342 2470 448 2509 Quod
478 2472 602 2504 autem
630 2471 859 2512 scripserim,
893 2470 1067 2503 renatum
1096 2478 1179 2502 esse
1209 2467 1449 2510 evangelium
1487 2468 1526 2500 et
1549 2467 1710 2500 Paulum
1747 2467 1930 2501 revixisse

301 2527 456 2567 propter
484 2526 625 2567 scripta
641 2525 798 2558 Lutheri
816 2526 854 2558 et
870 2525 951 2566 ejus
976 2523 1204 2565 sequacium,
1224 2523 1359 2561 erravi,
1390 2523 1667 2555 sacrosanctum
1693 2522 1930 2565 evangelium

299 2582 337 2612 et
354 2580 513 2613 Paulum
541 2581 818 2622 blasphemans,
838 2581 876 2612 et
899 2579 1115 2612 doctoribus
1129 2578 1245 2610 sacris
1258 2577 1494 2620 evangelium
1512 2578 1549 2609 et
1565 2576 1724 2609 Paulum
1744 2577 1928 2618 interpre-

300 2636 464 2667 tantibus
483 2636 658 2676 injuriam
691 2636 871 2672 inferens,
907 2635 971 2667 sed
994 2635 1070 2675 jam
1095 2634 1313 2671 instructus,
1339 2632 1436 2664 sicut
1462 2633 1584 2664 fateor
1615 2641 1674 2664 me
1701 2640 1860 2670 errasse,
1890 2632 1928 2664 et

299 2691 594 2730 propositionem
621 2691 830 2731 sapientem
863 2690 1050 2721 haeresim
1074 2689 1282 2729 scripsisse,
1300 2688 1354 2719 ita
1375 2687 1536 2728 reprobo
1561 2686 1785 2725 libertatem,
1815 2695 1926 2727 quam

299 2745 487 2776 Lutherus
513 2746 633 2782 docet,
653 2746 691 2777 et
714 2754 796 2776 eam
824 2745 948 2786 potius
973 2744 1192 2776 servitutem
1220 2742 1364 2783 peccati
1387 2751 1534 2774 censeo.

344 2799 448 2836 Quod
466 2800 694 2840 scripserim,
714 2799 817 2831 nulla
840 2808 955 2840 opera
978 2799 1107 2830 nostra
1122 2806 1205 2830 esse
1220 2797 1414 2829 meritoria
1431 2797 1468 2829 et
1492 2795 1594 2828 nullo
1611 2796 1721 2828 modo
1734 2796 1772 2827 in
1787 2796 1924 2828 nostris

298 2853 442 2885 meritis
467 2862 550 2886 esse
581 2854 856 2891 confidendum,
883 2853 1007 2886 erravi
1038 2853 1076 2884 in
1094 2852 1168 2884 fide
1195 2853 1234 2884 et
1256 2851 1423 2883 moribus
1452 2851 1566 2893 impie
1589 2851 1628 2883 et
1651 2850 1868 2883 scandalose
1885 2851 1924 2883 et

296 2909 466 2940 contorte
495 2908 705 2946 admodum,
735 2909 773 2940 et
801 2917 874 2940 non
892 2907 1013 2940 solum
1029 2907 1191 2948 praeter,
1212 2906 1277 2939 sed
1293 2906 1426 2938 contra
1441 2905 1604 2938 mentem
1621 2904 1781 2946 apostoli
1807 2905 1922 2938 inter-

297 2964 464 3003 pretatus
481 2971 562 2994 sum
577 2964 719 2995 textum
733 2962 838 2994 illum
856 2962 893 2995 Si
909 2960 1242 2999 circumcidamini,
1261 2965 1322 2993 etc.
