2096 3481
328 288 390 320 334
1017 283 1153 318 ANNO
1180 282 1264 317 1525

326 395 522 437 perspecta
537 393 620 431 fuit,
639 390 882 426 vehementer
899 393 936 425 in
955 393 1114 426 Domino
1131 393 1436 427 commendamus
1450 392 1626 435 omnique
1651 393 1781 427 nostra
1796 392 1956 428 benevo-

326 449 443 482 lentia
466 450 503 482 et
519 448 702 481 charitate
719 447 1017 490 complectimur,
1034 448 1310 490 Dominumque
1329 449 1448 482 Deum
1470 448 1657 491 supplices
1675 458 1886 488 exoramus,
1915 450 1958 482 ut

326 504 391 536 tali
420 505 457 536 ct
485 505 559 536 tam
588 502 771 535 catholico
804 503 967 545 principi
995 512 1137 544 suoque
1166 504 1314 537 divinae
1345 504 1553 537 maiestatis
1584 503 1721 537 honori
1748 505 1802 537 ita
1829 504 1954 537 debito

326 559 489 591 secunda
506 559 632 590 omnia
655 559 693 590 et
708 567 890 599 prospera
907 559 1114 592 concedere
1131 559 1320 601 dignetur.

370 614 476 652 Quod
492 622 581 646 vero
600 613 645 646 ad
670 613 864 655 negotium
881 614 1003 655 ipsum
1021 614 1167 653 attinet,
1194 615 1381 647 credimus
1399 614 1588 648 nobilitati
1605 615 1692 648 tuae
1715 623 1798 648 esse
1812 615 1953 654 notum,

325 678 397 710 quo
416 678 482 700 nos
499 668 636 707 studio,
656 677 729 709 qua
745 667 1000 701 sollicitudine
1017 669 1054 701 et
1078 678 1168 702 cura
1196 679 1270 702 non
1295 669 1433 702 litteris
1458 669 1579 702 solum
1597 671 1634 703 et
1658 670 1870 708 scribendo,
1889 670 1956 703 sed.

323 723 471 766 legatis,
487 723 633 756 nunciis
650 723 973 764 commisariisque
997 725 1355 757 nostris'mittendis
1379 725 1546 758 excitare
1571 726 1609 758 et
1632 726 1800 758 animare
1825 734 1956 758 omnes

323 779 513 820 principes
528 779 750 812 Germaniae
764 779 888 811 conati
913 779 1108 818 fuerimus,
1128 781 1170 812 ut
1193 789 1275 812 cum
1292 781 1404 813 ruina
1420 781 1457 813 et
1475 780 1701 813 detrimento
1726 780 1955 813 christianae

323 843 433 866 verae
451 834 538 866 fidei
555 833 699 866 cladem
717 842 865 874 quoque
889 843 993 866 suam
1011 835 1048 866 et
1064 834 1212 867 ruinam
1230 835 1467 868 coniunctam
1493 844 1539 868 ne
1564 836 1870 877 aspernarentur,
1889 835 1955 869 sed

323 888 518 921 obviarent
533 888 659 930 pravis
682 889 892 930 principiis,
919 898 1078 929 quorum
1102 889 1196 922 fines
1221 891 1258 922 et
1280 891 1403 922 exitus
1427 890 1473 922 ad
1497 891 1665 932 ipsorum
1688 891 1849 932 primam
1871 899 1955 933 per-

322 944 458 976 niciem
471 945 597 976 essent
610 944 800 985 erupturi3
815 944 853 975 in
868 953 940 984 qua
954 944 1209 977 admonitione
1224 947 1259 977 et
1274 945 1534 978 cohortatione
1548 955 1570 978 a
1583 946 1701 978 nostri
1714 945 1954 987 pontificatus

321 999 429 1031 initio
454 1007 572 1039 usque
590 999 636 1031 ad
653 998 752 1031 hunc
770 999 868 1031 diem
886 999 1027 1031 assidui
1054 999 1206 1039 fuimus,
1226 999 1397 1033 dolentes
1425 1001 1463 1033 et
1487 1002 1682 1043 gementes
1701 1001 1780 1032 tum
1797 1001 1954 1033 exitium

321 1054 544 1095 animarum,
570 1063 728 1095 quarum
751 1054 953 1095 praecipue
983 1055 1090 1092 nobis
1115 1064 1206 1087 cura
1233 1064 1255 1087 a
1282 1056 1361 1088 Deo
1391 1055 1615 1088 demandata
1641 1056 1710 1094 est,
1742 1056 1821 1088 tum
1845 1055 1954 1088 istius

319 1109 575 1142 nobilissimae
602 1110 638 1141 et
667 1109 774 1141 nobis
801 1109 1044 1142 charissimae
1063 1110 1307 1143 Germanicae
1337 1111 1500 1143 nationis
1530 1111 1708 1143 damnum
1727 1112 1765 1143 et
1789 1111 1950 1154 ignomi-

320 1164 437 1205 niam3
467 1173 558 1204 quas
586 1165 734 1196 nostras
763 1163 997 1197 hortationes
1030 1174 1114 1197 cum
1141 1165 1269 1207 plures
1295 1166 1333 1198 et
1357 1166 1502 1198 maiore
1526 1166 1651 1198 studio
1683 1166 1951 1208 suscepissent,

319 1220 419 1251 esset
446 1228 545 1251 nunc
572 1219 629 1251 illi
656 1219 796 1261 populo
825 1228 847 1252 a
873 1220 952 1252 Deo
976 1221 1076 1253 facta
1107 1220 1226 1262 salus3
1253 1221 1319 1254 sed
1355 1230 1476 1262 neque
1505 1221 1729 1254 desistemus
1753 1220 1825 1254 hoc
1852 1221 1952 1254 idem

320 1283 434 1316 agere
447 1283 516 1315 per
533 1274 749 1307 occasiones
767 1276 990 1316 temporum.

362 1329 470 1362 Nunc
484 1330 646 1370 quidem,
666 1330 766 1371 quod
784 1330 829 1362 ad
846 1331 928 1363 tuas
944 1330 1218 1372 postulationes
1244 1333 1282 1364 et
1305 1331 1368 1373 pia
1385 1340 1427 1364 ac
1444 1332 1573 1365 sancta
1597 1331 1786 1364 desideria
1802 1331 1950 1371 attinet,

317 1383 513 1417 laudantes
530 1394 674 1418 summe
690 1385 926 1427 propositum
954 1386 992 1418 et
1018 1386 1259 1427 prudentiam
1283 1386 1492 1419 nobilitatis
1517 1388 1616 1426 tuae,
1643 1387 1820 1427 quoniam
1844 1387 1949 1420 eius-

316 1439 417 1471 modi
430 1439 647 1473 facultatem
659 1441 832 1482 personis
845 1440 1111 1473 ecclesiasticis
1125 1442 1293 1475 tribuere
1308 1443 1458 1484 oportet
1469 1442 1575 1475 iuxta
1588 1442 1738 1475 ordines
1748 1443 1787 1474 et
1797 1441 1951 1484 regulas

317 1496 532 1527 sanctorum
548 1497 709 1536 patrum,
729 1496 793 1536 qui
816 1496 948 1537 postea
975 1497 1062 1529 tuae
1090 1497 1325 1529 auctoritatis
1354 1497 1480 1539 gladio
1507 1497 1641 1530 armati
1668 1497 1886 1530 mandatum
1914 1498 1952 1530 et

316 1550 618 1582 commissionem
635 1560 740 1582 suam
758 1552 1005 1591 exequantur,
1033 1552 1301 1584 committimus
1326 1553 1458 1585 tenore
1474 1552 1709 1594 presentium
1741 1552 1779 1584 et
1793 1550 1949 1584 faculta-

316 1605 390 1637 tem
408 1604 569 1646 amplam
587 1605 716 1637 damus
735 1605 870 1638 dilecto
889 1605 966 1638 filio
984 1608 1114 1638 nostro
1138 1606 1323 1646 Erhardo,
1354 1607 1536 1640 cardinali
1553 1607 1772 1648 Leodiensi3
1790 1607 1832 1639 ut
1855 1606 1948 1647 ipse,

315 1660 378 1700 qui
393 1661 429 1692 et
446 1660 617 1693 homines
643 1662 680 1693 et
695 1670 756 1693 res
774 1661 889 1694 habet
911 1662 1094 1703 cognitas,
1114 1662 1208 1695 tales
1224 1671 1406 1704 personas
1431 1663 1611 1701 nominet,
1631 1671 1726 1703 quae
1751 1663 1789 1695 et
1810 1662 1950 1694 virtute

314 1717 352 1747 et
367 1714 554 1757 religione
577 1716 614 1748 et
631 1716 802 1748 doctrina
825 1718 933 1758 aptae
951 1717 1026 1749 sint
1050 1718 1096 1749 ad
1112 1717 1379 1758 inquirendum
1396 1719 1528 1750 contra
1543 1717 1794 1756 LutheranOS,
1815 1718 1853 1750 et
1869 1725 1946 1756 eOS,

313 1770 344 1801 si
357 1770 519 1802 convicti
534 1771 688 1810 fuerint,
707 1771 765 1804 vel
779 1772 1003 1813 cogendum,
1018 1773 1060 1804 ut
1071 1773 1309 1814 resipiscant,
1324 1772 1383 1806 vel
1398 1773 1429 1805 si
1442 1773 1656 1815 pertinaces
1669 1773 1708 1805 in
1721 1781 1789 1804 suo
1803 1771 1946 1805 scelere

315 1826 353 1858 et
367 1825 560 1866 impietate
585 1827 875 1867 permanserint,
902 1828 1080 1868 tanquam
1111 1827 1300 1860 hereticos
1316 1829 1566 1869 puniendum;
1597 1837 1692 1869 quae
1720 1827 1835 1860 etiam
1859 1835 1943 1868 per-

313 1889 427 1913 sonae
458 1881 707 1914 nominandae
735 1882 804 1914 tibi
828 1883 960 1924 gratae
987 1884 1025 1915 et
1057 1884 1231 1924 acceptae
1257 1892 1339 1916 esse
1365 1883 1635 1926 dignoscantur
1647 1883 1710 1925 (l).
1737 1883 1816 1916 Nos
1843 1883 1945 1915 enim

311 1934 461 1974 talibus,
481 1936 545 1976 qui
566 1945 634 1977 per
657 1937 797 1969 dictum
818 1936 1048 1970 cardinalem
1075 1938 1258 1970 nominati
1275 1939 1313 1971 et
1330 1947 1351 1971 a
1367 1939 1403 1971 te
1421 1939 1604 1980 acceptati
1621 1938 1776 1978 fuerint,
1795 1946 1944 1970 omnem

311 1993 443 2023 tenore
469 1992 702 2032 presentium
730 1992 860 2024 damus
885 1992 1093 2033 apostolica
1119 1993 1344 2026 auctoritate
1371 1993 1590 2026 facultatem
1619 1992 1729 2025 simul
1757 1994 1795 2025 et
1821 1994 1944 2034 potes-

311 2047 426 2078 tatem
453 2047 584 2079 contra
608 2047 725 2079 dictas
747 2047 1022 2080 ecclesiasticas
1047 2057 1241 2089 personas,
1269 2058 1364 2089 quae
1393 2051 1607 2091 compertae
1634 2048 1674 2081 in
1701 2048 1776 2080 ista
1798 2048 1944 2081 nefaria

309 2100 436 2134 heresi
455 2102 609 2140 fuerint,
626 2103 855 2144 procedendi
872 2103 985 2135 etiam
1007 2103 1161 2136 dimissa
1177 2103 1253 2136 tela
1268 2104 1452 2136 iudicaria
1476 2104 1678 2136 summarie
1695 2113 1737 2136 ac
1760 2103 1806 2136 de
1829 2102 1942 2145 plano

310 2156 391 2189 sola
412 2157 571 2189 veritate
587 2157 767 2199 inspecta,
787 2159 825 2191 et
841 2158 872 2190 si
889 2158 1082 2191 convictae
1098 2159 1253 2197 fuerint,
1280 2158 1365 2192 illas
1381 2159 1531 2201 publice
1547 2160 1756 2192 retractare
1781 2158 1941 2201 cogendi

310 2213 374 2244 aut
399 2212 612 2253 pertinaces
637 2214 675 2245 et
702 2213 910 2245 obstinatos
939 2214 1118 2246 extremis
1141 2213 1336 2256 suppliciis
1363 2214 1546 2256 puniendi
1572 2215 1679 2247 iuxta
1704 2214 1876 2247 ordinem
1903 2214 1942 2246 et

307 2276 451 2300 morem
468 2276 490 2299 a
513 2267 650 2300 sanctis
674 2268 844 2309 patribus
869 2269 907 2301 et
929 2268 1111 2301 Romanis
1127 2269 1369 2310 pontificibus
1386 2271 1519 2302 eontra
1535 2269 1724 2302 hereticos
1742 2270 1936 2308 statutum,

309 2330 383 2354 non
401 2321 635 2355 obstantibus
653 2323 963 2364 quibuscumque.
992 2323 1048 2356 Tu
1074 2333 1178 2366 ergo,
1205 2324 1341 2357 dilecte
1365 2324 1433 2362 fili,
1451 2325 1490 2357 in
1514 2324 1584 2357 hac
1608 2325 1671 2367 pia
1694 2325 1733 2358 et
1755 2323 1942 2357 catholica

306 2378 432 2409 mente
464 2386 557 2420 erga
584 2378 881 2420 omnipotentem
909 2379 1029 2412 Deum
1056 2388 1303 2420 perseverans
1332 2380 1522 2412 confidere
1550 2380 1704 2412 debebis
1732 2381 1769 2412 te
1795 2379 1942 2421 premia

307 2432 351 2463 ab
381 2441 424 2464 eo
453 2432 567 2475 digna
595 2442 616 2465 a
644 2433 752 2465 nobis
781 2434 932 2475 quidem
961 2442 1109 2467 omnem
1137 2435 1310 2477 gratiam,
1338 2443 1359 2467 a
1382 2435 1526 2467 cunctis
1552 2434 1768 2468 hominibus
1790 2434 1939 2468 laudem

305 2488 600 2528 reportaturum.

350 2541 486 2574 Datum
502 2542 658 2582 Romae,
678 2543 739 2576 die
755 2543 885 2577 XXIII
901 2544 1043 2586 Aprilis
1061 2543 1253 2584 MDXXV,
1273 2554 1370 2578 anno
1388 2546 1565 2579 seeundo.

653 2620 784 2661 Balan‚
813 2622 1054 2656 Monumenta
1079 2623 1182 2657 Saec.
1208 2623 1314 2662 XVI,
1333 2623 1402 2656 blz.
1428 2623 1502 2663 128,
1529 2623 1608 2665 1293
1635 2623 1710 2656 ook
1734 2622 1938 2666 afgedrukt

696 2676 746 2718 bij
766 2676 867 2710 Hille
884 2677 953 2710 Ris
977 2678 1169 2718 Lambers‚
1188 2677 1242 2712 De
1263 2677 1612 2723 Kerkhervorminy
1635 2690 1680 2723 op
1704 2677 1750 2712 de
1782 2678 1935 2719 Velmoe,

696 2731 874 2775 bijlagen,
892 2732 964 2765 blz.
982 2742 1066 2766 xmv
1084 2743 1131 2767 en
1148 2743 1232 2767 XLV.
1250 2752 1294 2758 -
1309 2734 1373 2768 Zie
1390 2734 1597 2767 hierboven
1615 2740 1654 2766 n¹·
1669 2733 1749 2772 257,
1768 2733 1837 2766 blz.
1857 2733 1933 2766 305.

349 2870 396 2911 (1)
420 2868 491 2902 Hie
508 2871 760 2912 sequebantur
787 2871 826 2904 in
844 2871 1021 2915 originali
1049 2873 1194 2906 minuta
1209 2873 1325 2907 verba
1349 2875 1482 2915 postea
1499 2873 1636 2906 omissa
1656 2882 1663 2906 ε
1684 2887 1700 2900 u
1719 2872 1842 2915 Super
1859 2882 1932 2914 quo

305 2921 406 2957 illius
437 2925 763 2968 circumspectioni
787 2928 826 2960 et
850 2929 1076 2969 potestatem
1100 2929 1339 2962 concedimus
1367 2929 1405 2962 et
1433 2928 1517 2962 talis
1535 2937 1646 2963 curae
1664 2928 1927 2971 suscipiendae

307 2988 400 3013 onus
417 2989 458 3014 ac
476 2981 642 3016 debitum
656 2982 888 3026 iniungimus
908 2998 938 3024 n,
956 2984 1041 3027 zegt
1057 2984 1102 3019 de
1120 2985 1292 3028 uitgever
1310 2983 1442 3018 Balan.
