2096 3481
846 249 983 283 ANNO
1011 249 1092 283 1524
1723 251 1786 284 303

156 370 291 401 eenen
313 356 430 401 brief
448 372 553 402 voor
588 359 671 402 den
695 358 956 415 inquisiteur
974 361 1165 404 Her-man
1200 360 1365 404 vander
1386 360 1554 415 Goude,
1575 360 1727 404 doctor
1745 361 1787 404 in

155 426 207 470 de
229 427 608 484 godgeleerdheid,
636 428 766 485 opdat
788 428 891 471 deze
908 443 1014 472 naar
1033 429 1115 472 den
1139 430 1265 486 Haag
1281 444 1359 474 zou
1377 429 1550 474 komen.

197 519 358 553 Andries
387 520 562 560 Meeusz.,
597 531 793 564 gezworen
825 522 958 560 boode,
993 532 1063 555 van
1096 523 1158 556 dat
1187 523 1237 565 hy
1269 525 1424 566 gereyst
1452 524 1485 566 js
1514 524 1583 556 mit
1610 524 1790 557 zeeckcrc

154 574 348 609 besloeten
366 576 523 610 brieuen
541 586 587 609 an
605 579 768 610 incestor
785 577 951 610 Harman
969 579 1110 611 vander
1128 579 1270 617 Goudc,
1298 579 1453 612 doctoer
1467 580 1579 621 J'nder
1592 579 1788 622 godtheyt,

152 630 395 672 jnhoudende
425 632 488 664 dat
514 632 577 674 hy,
608 633 811 675 aengesien
841 634 989 669 sbriess.
1018 634 1132 675 jnden
1163 635 1270 676 Hage
1300 644 1470 667 commen
1499 635 1628 672 wude,
1657 635 1715 667 die
1741 634 1791 676 hy

154 686 209 718 tot
236 686 444 720 Montfoert
470 687 629 728 beuant3
659 697 751 721 voor
778 689 921 722 welckc
953 698 1063 731 royso
1096 689 1183 722 110111
1211 690 1333 731 byden
1369 699 1492 722 voors.
1528 690 1636 723 Houe
1666 692 1792 732 1οοςο-

154 741 327 774 tauxeert
352 742 386 784 js
414 743 494 776 vier
523 743 642 786 dagen
669 744 724 776 tot
747 744 781 785 vj
809 745 958 777 stuuers
983 744 1153 783 sdaechs,
1181 745 1240 777 die
1266 744 1351 778 110111
1376 745 1425 787 by
1450 746 1566 779 (105011
1591 746 1791 788 outfanger

151 796 293 829 betaelt
319 807 400 839 zyn,
426 798 637 840 blyekende
662 799 710 841 by
736 800 1016 833 dordonnancio
1042 800 1276 843 begripendc
1302 801 1491 841 quitancie
1518 801 1602 834 hier
1633 810 1790 844 ouerge-

153 849 287 885 leuert.
306 852 548 886 Waeromme
565 853 650 887 hier
665 855 772 897 xxiiij
793 865 822 887 s.

501 931 760 973 Rijksarchief
777 933 813 966 te
832 932 858 965 's
877 932 1136 977 Gravenhage,
1162 932 1401 977 Rekeninyen
1427 945 1500 968 van
1517 933 1589 969 den
1606 934 1791 979 exploiten

546 987 579 1029 (1
598 987 720 1021 Maart
737 988 998 1023 1524-1aatsten
1016 988 1201 1023 Februari
1220 988 1330 1032 1525),
1350 989 1416 1022 101.
1437 989 1524 1032 lxvij
1544 1000 1667 1024 verso.

907 1138 1024 1182 252.

219 1279 360 1329 1524,
388 1274 595 1319 Leuven.
637 1272 974 1331 Aanteekening
1005 1287 1110 1317 over
1159 1274 1243 1318 den
1282 1273 1545 1331 inquisiteur
1590 1274 1789 1319 Andreas

151 1346 348 1404 Hugonis
372 1361 456 1391 van
479 1347 611 1399 Delft,
641 1347 759 1404 prior
780 1347 857 1391 der
873 1347 1191 1405 predikheeren
1211 1352 1254 1392 te
1272 1349 1464 1394 Leuven.

196 1440 375 1475 Octavum
422 1441 642 1484 (capitulum
687 1441 920 1484 provinciale
967 1441 1167 1475 electivum
1219 1441 1451 1475 celebratum
1498 1442 1583 1485 fuit)
1631 1442 1788 1476 Lovanii

151 1506 249 1530 anno
267 1498 366 1530 1524.

194 1553 237 1586 In
254 1553 325 1586 hoe
342 1553 519 1596 capitulo,
546 1554 695 1586 mortuo
720 1554 763 1586 P.
790 1553 890 1596 Mag.
908 1553 1052 1587 Jacobo
1078 1563 1099 1587 a
1124 1553 1267 1593 Calcar,
1293 1553 1332 1586 in
1357 1553 1628 1595 provincialem
1646 1554 1789 1588 electus

150 1609 222 1642 fuit
249 1609 294 1642 P.
321 1609 493 1642 Andreas
528 1610 699 1652 Hugonis
732 1609 776 1642 de
810 1609 925 1648 Delft,
959 1610 1166 1642 conventus
1200 1609 1391 1652 Hagensis
1424 1609 1537 1648 filius,
1572 1610 1789 1643 haereticae

149 1665 345 1706 pravitatis
362 1665 565 1706 inquisitor
582 1666 621 1698 ct
638 1664 794 1698 actualis
811 1665 917 1707 prior
934 1665 1193 1698 Lovaniensis.

501 1744 615 1776 Pater
632 1744 675 1777 Β.
695 1744 751 1776 De
766 1743 931 1787 Jonghe,
951 1743 1123 1787 Belyium
1142 1743 1446 1783 Domim‘canum‚
1470 1743 1538 1777 blz.
1559 1744 1611 1777 16.

905 1893 1026 1938 253.

219 2035 358 2084 1524,
389 2030 502 2075 Tiez.
532 2027 869 2086 Aanteekening
890 2043 970 2072 11011
993 2028 1256 2073 Schoockius
1280 2042 1386 2074 over
1404 2030 1480 2073 het
1499 2029 1673 2073 ieveron
1697 2043 1779 2074 van

148 2103 369 2147 Gerardus
401 2103 707 2147 Geldenhauer
738 2102 1029 2159 Noviomagus
1051 2102 1201 2146 aldaar
1223 2106 1298 2147 ten
1322 2103 1551 2146 voordeele
1574 2103 1651 2146 der
1674 2104 1783 2146 Her-

148 2173 364 2230 vorming.
379 2198 432 2207 —-
453 2174 522 2231 Hij
539 2174 628 2216 laat
647 2186 695 2215 er
711 2171 792 2229 vrij
814 2171 1038 2228 prediken‚
1063 2186 1183 2216 111001
1201 2172 1345 2216 wordt
1364 2172 1419 2230 bij
1440 2173 1492 2216 de
1509 2173 1783 2231 wereldlijke

150 2256 204 2286 en
241 2242 496 2300 geesteliJke
528 2241 734 2286 overheid
752 2241 1052 2298 aangeklaagd
1092 2255 1148 2287 en
1172 2242 1324 2286 vlucht
1348 2256 1456 2285 naar
1478 2241 1784 2299 Straatsburg.

149 2313 300 2370 (Later
322 2313 464 2356 wordt
482 2312 540 2370 hij
562 2312 606 2355 in
624 2325 731 2355 eene
753 2310 966 2368 polemiek
985 2314 1072 2354 met
1089 2311 1295 2355 Erasmus
1319 2311 1605 2368 gewikkeld.)

193 2405 360 2439 Primam
396 2405 557 2449 glaciem
594 2406 712 2448 fregit
749 2404 987 2446 feliciterque
1027 2414 1111 2438 cum
1151 2404 1332 2447 sophistis
1371 2406 1653 2449 congrediendo
1694 2406 1786 2439 haut

150 2471 288 2504 paucos
306 2463 344 2494 in
361 2462 432 2494 hoc
450 2462 586 2494 ducatu
612 2459 838 2504 [Geldrensi]
864 2460 1013 2494 Christo
1039 2460 1229 2493 lucrifecit
1253 2461 1442 2494 Gerardus
1467 2460 1783 2502 Geldenhaurius,

151 2519 310 2560 apatria
333 2517 446 2561 vulgo
473 2517 728 2559 Noviomagus
753 2517 887 2549 dictus.
914 2515 963 2554 Is,
990 2517 1139 2548 mortuo
1158 2515 1337 2558 Philippo
1364 2516 1586 2559 Burgundo,
1606 2518 1783 2559 episcopo

153 2573 414 2615 Ultrajectino,
434 2574 506 2612 cui,
525 2573 580 2606 uti
598 2572 786 2614 superiori
803 2572 925 2614 capite
944 2573 1114 2604 notatum
1132 2572 1215 2611 fuit,
1241 2581 1394 2614 operam
1412 2582 1517 2605 suam
1535 2573 1783 2614 impenderat,

151 2638 299 2662 omnem
317 2638 469 2671 operam
488 2629 602 2667 dedit,
622 2629 663 2660 nt
679 2627 800 2661 lucem
819 2628 984 2669 purioris
1010 2627 1217 2665 doctrinae,
1236 2637 1347 2668 quam
1365 2636 1410 2661 ex
1428 2628 1560 2669 primis
1579 2629 1617 2660 in
1636 2628 1783 2671 Belgio,

151 2685 280 2726 utpote
298 2686 461 2717 sectator
477 2683 640 2716 KVesseli
658 2683 860 2724 Gansfortij
888 2682 1102 2721 admiserat,
1123 2683 1168 2715 ad
1186 2682 1314 2724 plures
1333 2683 1542 2716 diffundere
1560 2686 1698 2725 posset.

194 2740 298 2773 Idem
316 2739 376 2772 hic
393 2749 490 2772 anno
510 2739 592 2771 1524
611 2738 680 2781 (uti
697 2739 734 2771 in
752 2738 915 2780 pleniori
935 2747 1061 2779 opere,
1082 2739 1189 2780 cujus
1206 2738 1267 2770 1110
1285 2739 1543 2771 tantummodo
1558 2738 1787 2774 lineamenta

150 2795 324 2835 exhibeo,
351 2805 417 2828 5110
444 2796 614 2836 tempore
639 2793 848 2836 ostendam)
867 2794 1017 2826 nomine
1035 2794 1204 2834 equitum
1231 2793 1567 2835 Ultrajectinornm
1587 2795 1785 2829 Teutonici

151 2851 306 2889 ordinis,
340 2851 403 2891 qui
435 2850 779 2883 commendatorem
811 2859 919 2881 suum
953 2848 1081 2882 Tielae
1114 2849 1254 2882 habere
1287 2849 1423 2888 solent,
1459 2850 1604 2883 Tielam
1634 2852 1782 2890 missus,

151 2916 224 2948 quo
253 2906 446 2944 ecclesiae,
481 2915 576 2946 quae
609 2905 847 2947 Trajectinae
880 2905 1050 2946 subjecta
1074 2907 1167 2942 erat,
1201 2906 1449 2947 prospiceret,
1483 2907 1660 2945 instituit,
1701 2917 1784 2939 cum

154 2962 296 2996 nullum
323 2962 493 2995 ordinem
518 2961 742 2999 admisisset,
769 2960 888 2994 libere
913 2961 949 2993 in
976 2960 1041 2994 illa
1069 2961 1162 2994 urbe
1189 2962 1406 2995 concionari
1434 2962 1639 2995 secundum
1666 2965 1787 3004 potes·
