2096 3481
340 302 382 334 30
1025 302 1162 337 ANNO
1188 302 1271 336 1520

339 412 532 450 haeretici,
559 420 602 445 ac
624 412 669 445 ad
687 413 851 445 omnium
877 414 915 445 et
931 413 1165 456 singularum
1187 411 1528 456 suprascriptarum
1550 421 1756 456 poenarum
1780 415 1819 449 et
1833 424 1960 450 censu-

338 477 465 500 rarum
481 467 720 500 severitatem
736 467 942 510 procedere
958 477 1164 510 possemus.

380 523 404 562 g
425 521 457 554 8.
484 521 738 555 Nihilominus
763 523 807 555 de
831 523 1047 556 eorumdem
1070 524 1229 556 fratrum
1258 524 1472 556 nostrorum
1496 523 1666 563 consilio,
1691 525 1958 567 omnipotentis

338 577 407 609 Dei
435 577 624 610 imitantes
651 578 900 615 clementiam,
929 578 993 619 qui
1021 588 1095 611 non
1122 578 1202 611 vult
1232 580 1391 611 mortem
1421 579 1642 620 peccatoris,
1673 580 1738 613 sed
1768 581 1889 624 magis
1916 582 1959 614 ut

337 633 577 665 convertatur
600 635 639 665 et
660 633 770 671 vivat,
791 633 954 665 omnium
978 633 1201 674 injuriarum
1225 633 1405 667 hactenus
1437 633 1544 666 nobis
1568 635 1606 666 et
1629 634 1856 676 apostolicae
1877 635 1958 669 sedi

336 685 526 720 illatarum
553 687 672 725 obliti,
697 688 797 719 omni
821 696 894 728 qua
916 697 1112 729 possumus
1137 689 1277 729 pietate
1303 689 1357 721 uti
1383 688 1628 727 decrevimus,
1655 690 1693 721 et
1716 690 1894 730 quantum
1918 690 1957 723 in

338 742 444 773 nobis
461 744 530 780 est,
554 752 679 785 agere,
699 745 740 775 ut
757 742 950 784 proposita
965 743 1262 775 mansuetudinis
1279 743 1324 776 ad
1348 752 1413 775 cor
1436 744 1648 776 revertatur
1664 744 1703 776 et
1719 753 1741 776 a
1755 744 1957 786 praedictis

336 797 488 829 recedat
511 798 715 835 erroribus,
746 799 785 829 ut
818 798 938 839 ipsum
967 798 1155 838 tamquam
1183 797 1301 830 filium
1329 797 1435 830 illum
1462 798 1663 840 prodigum
1694 799 1740 831 ad
1771 799 1956 842 gremium

336 851 517 885 ecclesiae
542 854 792 885 revertentem
816 852 979 894 benigne
1001 853 1237 894 recipiamus.
1261 852 1389 894 Ipsum
1418 853 1535 895 igitur
1552 853 1768 892 Martinum‚
1794 855 1832 887 et
1853 863 1958 895 quos-

336 915 494 947 cumque
519 908 553 940 ei
579 907 825 940 adhaerentes
850 908 1005 948 eJusque
1029 908 1283 948 receptatores
1306 909 1345 940 et
1366 908 1545 946 fautores,
1564 917 1633 949 per
1649 908 1794 941 viscera
1816 909 1958 942 miseri-

335 962 485 994 cordiae
504 962 572 995 Dei
591 963 708 994 nostri
726 964 763 994 et
785 971 853 1003 per
869 962 1124 1003 aspersionem
1149 962 1342 1004 sanguinis
1367 963 1517 995 Domini
1543 963 1661 995 nostri
1685 962 1777 996 Jesu
1801 963 1954 1002 Christi,

335 1025 408 1056 quo
426 1018 462 1048 et
480 1026 548 1057 per
564 1026 673 1057 quem
698 1017 849 1049 humani
868 1017 1019 1057 generis
1042 1017 1250 1058 redemptio
1276 1018 1313 1049 et
1338 1018 1487 1049 sanctae
1504 1018 1635 1049 matris
1663 1017 1844 1051 ecclesiae
1861 1019 1957 1051 aedi-

334 1071 458 1103 ficatio
483 1072 582 1104 faeta
603 1074 671 1109 est,
699 1081 744 1104 ex
770 1074 848 1104 toto
871 1072 983 1105 corde
1007 1071 1202 1104 hortamur
1224 1072 1262 1103 et
1285 1071 1535 1109 obsecramus,
1561 1074 1602 1104 ut
1629 1072 1746 1113 ipsius
1774 1072 1955 1106 eeclesiae

334 1135 476 1166 pacem,
503 1127 684 1159 unitatem
702 1129 740 1159 et
763 1127 971 1165 veritatem,
997 1136 1065 1168 pro
1084 1136 1157 1167 qua
1173 1127 1253 1168 ipse
1277 1126 1448 1159 Salvator
1472 1128 1546 1159 tam
1565 1127 1749 1159 instanter
1765 1127 1886 1160 oravit
1909 1128 1955 1161 ad

334 1181 499 1219 Patrem,
525 1182 676 1214 turbare
700 1182 892 1220 desistant,
921 1183 959 1214 et
975 1191 996 1214 a
1012 1182 1214 1223 praedictis
1238 1183 1313 1213 tam
1338 1181 1560 1222 perniciosis
1585 1182 1777 1214 erroribus
1800 1191 1954 1223 prorsus

333 1236 555 1273 abstineant,
592 1237 780 1269 inventuri
812 1237 908 1278 apud
940 1246 1019 1275 nos,
1049 1237 1080 1268 si
1111 1236 1360 1269 effectualiter
1391 1236 1587 1277 paruerint
1617 1237 1655 1269 et
1685 1237 1856 1278 paruisse
1886 1246 1954 1280 per

332 1290 502 1333 legitima
543 1292 765 1324 documenta
803 1301 869 1324 nos
911 1292 1213 1329 certificaverint,
1253 1293 1433 1332 paternae
1471 1291 1665 1323 charitatis
1705 1292 1878 1325 affectum
1916 1293 1955 1326 et

333 1348 503 1388 apertum
521 1347 818 1379 mansuetudinis
835 1348 873 1379 et
889 1346 1110 1379 clementiae
1126 1347 1281 1379 fontem.

375 1402 398 1441 ἓ
419 1400 451 1433 9.
482 1401 699 1434 Inhibentes
728 1401 971 1433 nihilominus
999 1402 1120 1434 eidem
1149 1401 1311 1434 Martino
1339 1409 1385 1433 ex
1408 1410 1506 1433 nunc
1536 1401 1578 1433 ut
1602 1400 1755 1434 interim
1779 1401 1824 1434 ab
1853 1402 1954 1434 omni

332 1456 612 1497 praedicatione
630 1465 694 1488 seu
712 1457 1002 1497 praedicationis
1019 1456 1141 1488 officio
1160 1456 1310 1488 omnino
1329 1456 1496 1488 desistat.

375 1511 398 1551 ἓ
423 1510 473 1543 10.
500 1510 677 1552 Alioquin
705 1511 742 1542 in
771 1511 891 1552 ipsum
923 1511 1140 1549 Martinum‚
1170 1511 1201 1543 si
1233 1511 1331 1543 forte
1362 1511 1531 1552 justitiae
1559 1511 1598 1543 et
1622 1511 1772 1543 virtutis
1801 1519 1906 1543 amor
1932 1519 1955 1543 a

332 1567 485 1606 peccato
518 1575 592 1598 non
626 1565 795 1598 retrahat
829 1565 1162 1608 indulgentiaeque
1195 1574 1279 1607 spes
1311 1565 1357 1598 ad
1387 1565 1648 1606 poenitentiam
1679 1574 1753 1598 non
1783 1566 1950 1604 reducat,

330 1629 536 1661 poenarum
568 1621 691 1653 terror
721 1622 894 1653 coerceat
925 1620 1157 1662 disciplinae,
1191 1620 1363 1653 eumdem
1397 1620 1601 1652 Martinum
1636 1620 1792 1662 eJusque
1823 1620 1954 1653 adhae-

329 1676 469 1713 rentes,
487 1674 700 1716 complices,
719 1676 886 1708 fautores
903 1676 941 1708 et
957 1677 1212 1716 receptatores
1236 1676 1368 1707 tenore
1385 1675 1640 1716 praesentium
1663 1675 1890 1716 requirimus
1915 1676 1953 1708 et

330 1738 535 1768 monemus,
554 1730 592 1762 in
609 1730 747 1762 virtute
764 1731 913 1762 sanctae
939 1730 1174 1763 obedientiae
1192 1731 1229 1762 et
1245 1730 1312 1762 sub
1329 1729 1532 1771 praedictis
1550 1729 1722 1762 omnibus
1733 1730 1777 1763 et
1792 1729 1951 1772 singulis

329 1785 460 1825 poenis
477 1794 521 1817 eo
538 1785 619 1826 ipso
637 1785 885 1822 incurrendis,
912 1785 1081 1817 districte
1105 1784 1370 1826 praecipiendo
1394 1784 1625 1822 mandamus,
1645 1784 1828 1825 quatenus
1852 1785 1952 1817 infra

331 1839 528 1881 sexaginta
555 1840 646 1878 dies,
673 1848 831 1880 quorum
858 1839 993 1882 viginti
1021 1848 1088 1880 pro
1116 1840 1250 1880 primo,
1277 1840 1411 1881 viginti
1439 1848 1507 1880 pro
1536 1839 1699 1871 secundo
1723 1839 1762 1872 et
1783 1838 1951 1880 reliquos

329 1894 463 1935 viginti
496 1895 574 1927 dies
609 1903 677 1936 pro
714 1895 825 1927 tertio
861 1896 900 1927 et
932 1894 1186 1935 peremptorio
1219 1894 1380 1927 termino
1416 1894 1662 1936 assignamus,
1698 1894 1744 1927 ab
1775 1893 1951 1927 affixione

330 1950 584 1989 praesentium
615 1950 653 1981 in
685 1949 776 1981 locis
808 1949 1070 1990 infrascriptis,
1100 1949 1316 1982 immediate
1347 1951 1547 1990 sequentes
1578 1949 1841 1987 numerandOS‚
1871 1949 1952 1990 ipse

329 2003 525 2042 Martinus,
566 2003 779 2045 complices,
819 2005 998 2042 fautores,
1039 2004 1286 2036 adhaerentes
1329 2005 1368 2037 et
1407 2005 1664 2046 receptatores
1705 2003 1888 2045 praedicti
1932 2012 1954 2036 a

328 2059 508 2098 praefatis
535 2059 727 2091 erroribus
759 2067 964 2099 eorumque
990 2058 1270 2100 praedicatione
1302 2067 1344 2091 ac
1374 2058 1628 2100 publicatione
1659 2059 1697 2091 et
1727 2058 1948 2097 assertione,

331 2113 550 2146 defensione
567 2123 727 2154 quoque,
746 2115 784 2146 et
800 2113 983 2146 librorum
1007 2122 1072 2146 seu
1097 2113 1370 2154 scripturarum
1395 2114 1561 2146 editione
1585 2122 1699 2155 super
1715 2113 1856 2145 eisdem
1874 2113 1951 2146 sive

330 2176 460 2199 eorum
484 2168 608 2209 aliquo
634 2168 784 2200 omnino
810 2168 1003 2206 desistant,
1029 2168 1221 2209 librosque
1246 2177 1288 2200 ac
1311 2168 1528 2209 scripturas,
1555 2177 1684 2200 omnes
1708 2168 1746 2200 et
1768 2166 1948 2210 singulas,

328 2224 518 2263 praefatos
546 2232 695 2256 errores
723 2233 789 2256 seu
817 2232 946 2255 eorum
975 2222 1120 2263 aliquos
1148 2222 1430 2263 quomodolibet
1456 2223 1704 2261 continentes,
1730 2222 1952 2254 comburant

330 2276 387 2309 vel
413 2278 581 2310 comburi
609 2278 759 2310 faciant.
785 2278 870 2319 Ipse
895 2278 1008 2310 etiam
1033 2277 1217 2310 Martinus
1245 2286 1394 2310 errores
1419 2279 1456 2310 et
1484 2277 1711 2310 assertiones
1735 2276 1950 2318 hujusmodi

330 2332 480 2364 omnino
498 2334 649 2365 revocet
665 2342 707 2365 ae
724 2333 770 2365 de
786 2333 1024 2366 revocatione
1042 2332 1256 2374 hujusmodi
1279 2341 1347 2373 per
1370 2331 1520 2373 publiea
1537 2332 1759 2364 documenta
1774 2331 1812 2363 in
1828 2332 1951 2364 forma

328 2387 423 2427 juris
447 2387 581 2426 valida,
608 2388 645 2419 in
670 2388 841 2420 manibus
866 2388 1023 2420 duorum
1046 2386 1301 2429 praelatorum
1327 2387 1558 2429 consignata,
1582 2387 1626 2419 ad
1651 2396 1717 2418 nos
1741 2386 1840 2418 infra
1855 2385 1950 2418 alios

329 2441 471 2474 similes
499 2444 697 2485 sexaginta
724 2443 803 2476 dies
831 2443 1131 2480 transmittenda,
1161 2441 1218 2474 vel
1246 2450 1315 2483 per
1345 2442 1546 2483 ipsummet
1573 2441 1618 2483 (si
1649 2441 1695 2474 ad
1724 2450 1790 2473 nos
1820 2441 1949 2474 venire

328 2495 501 2535 voluerit,
522 2498 619 2538 quod
636 2498 756 2540 magis
772 2497 952 2539 placeret)
970 2506 1053 2530 cum
1076 2497 1246 2539 praefato
1263 2496 1483 2538 plenissimo
1501 2495 1602 2528 salvo
1625 2495 1819 2534 conducto,
1839 2504 1949 2536 quem

329 2559 374 2582 ex
411 2561 507 2583 nunc
543 2553 792 2591 concedimus,
834 2552 1049 2591 deferenda,
1087 2561 1154 2584 nos
1189 2551 1370 2584 certiores
1405 2551 1554 2590 efficiat,
1588 2551 1630 2583 ut
1665 2551 1710 2583 de
1743 2550 1826 2592 ejus
1860 2559 1950 2583 vera

329 2604 542 2639 obedientia
559 2606 683 2640 nullus
701 2607 945 2640 dubitationis
963 2606 1160 2648 scrupulus
1177 2605 1300 2639 valeat
1315 2612 1522 2654 remanere.

369 2660 392 2700 ἓ
410 2660 461 2693 ll.
487 2661 590 2694 Alias
615 2662 646 2694 si
671 2662 785 2703 (quod
808 2662 918 2703 absit)
943 2661 1127 2694 Martinus
1151 2661 1354 2703 praefatus,
1379 2660 1591 2702 complices,
1616 2661 1795 2698 fautores,
1814 2659 1948 2693 adhae-

326 2716 453 2748 rentes
485 2718 522 2748 et
552 2718 806 2758 receptatores
837 2717 1020 2758 praedicti
1059 2725 1165 2749 secus
1204 2716 1364 2758 egerint,
1407 2724 1473 2748 seu
1511 2715 1709 2756 praemissi
1747 2715 1872 2747 omnia
1909 2716 1947 2748 et

327 2769 477 2811 singula
500 2771 599 2803 infra
622 2772 823 2804 terminum
846 2771 1079 2812 praedictum
1104 2780 1187 2803 eum
1211 2771 1345 2803 effectu
1371 2780 1444 2802 non
1469 2769 1766 2811 adimpleverint,
1786 2769 1946 2810 apostoli

325 2824 517 2857 imitantes
546 2826 764 2864 doctrinam,
795 2827 859 2867 qui
886 2826 1118 2859 haereticum
1145 2825 1347 2864 hominem,
1379 2826 1465 2866 post
1494 2825 1654 2866 primam
1681 2825 1719 2857 et
1745 2824 1946 2857 secundam

326 2880 615 2920 correptionem,
649 2881 840 2913 vitandum
871 2881 1008 2920 docuit,
1045 2890 1092 2913 ex
1131 2889 1241 2919 nunc,
1274 2880 1387 2922 prout
1426 2881 1575 2919 extunc,
1615 2880 1654 2912 et
1690 2888 1711 2912 e
1748 2887 1941 2918 converso,

326 2934 497 2967 eumdem
524 2935 737 2974 Martinum‚
764 2935 975 2977 complices,
1002 2934 1262 2973 adhaerentes,
1294 2935 1461 2967 fautores
1490 2935 1528 2967 et
1555 2934 1809 2976 receptatores
1837 2942 1942 2975 prae-

325 2989 422 3022 fatos
439 2991 477 3022 et
494 2998 623 3023 eorum
640 2990 856 3031 quemlibet,
876 2992 1064 3031 tamquam
1081 2990 1204 3023 aridos
1221 2989 1394 3031 palmites
1417 2989 1455 3022 in
1480 2989 1626 3022 Christo
1644 2998 1716 3022 non
1734 2989 1939 3028 manentes,
