2096 3481
807 252 945 288 ANNO
975 252 1058 286 1523
1696 244 1759 285 '189

116 373 201 400 rum
240 373 261 399 a
294 364 500 399 canonibus
528 364 754 397 constitutus
779 363 817 395 in
849 371 966 395 unum
993 361 1104 394 facile
1132 360 1335 394 convenire
1353 370 1427 394 non
1456 361 1592 402 potest,
1619 360 1688 393 tibi
1713 369 1755 392 ac

115 421 296 464 predictis
334 429 403 462 per
431 421 467 452 te
499 419 735 461 deputandis,
763 419 803 450 ut
831 417 1065 450 sacerdotem
1101 416 1159 450 vel
1185 416 1301 449 alium
1324 416 1363 448 in
1410 416 1527 448 sacris
1560 415 1756 448 ordinibus

115 477 374 514 constitutum,
400 484 484 507 cum
500 484 569 516 pro
588 474 713 507 heresi
740 473 858 506 fuerit
881 472 1044 505 seculari
1075 472 1179 504 curie
1206 471 1453 512 reliquendus
1483 472 1547 503 aut
1571 472 1755 512 perpetuo

116 531 419 568 incarcerandus,
438 539 508 572 per
521 539 629 562 suum
643 528 701 562 vel
719 536 991 569 quemcumque
1010 526 1124 559 alium
1138 536 1206 568 per
1220 529 1255 560 te
1270 527 1315 559 ad
1330 527 1367 558 id
1381 526 1599 569 eligendum
1614 527 1756 567 episeo-

115 596 206 629 pum
220 585 425 628 apostolice
440 586 540 618 sedis
553 584 856 617 communionem
870 583 1084 621 habentem,
1099 583 1244 614 duobus
1263 582 1461 614 abbatibus
1479 591 1544 614 seu
1562 581 1752 622 prioribus

119 642 184 674 aut
198 640 282 674 aliis
299 641 337 673 in
352 641 536 683 dignitate
551 639 807 672 ecclesiastica
819 638 1034 670 constitutis
1048 638 1233 679 personis,
1250 646 1342 678 quas
1357 637 1402 669 ad
1416 637 1453 669 id
1471 636 1650 678 expedire
1664 636 1760 668 vide-

116 696 213 735 ritis,
229 696 456 734 convocatis,
472 694 673 737 degradari
687 695 812 726 faeere
829 693 983 734 possitis
1001 694 1039 726 et
1051 692 1220 731 valeatis,
1236 691 1371 725 harum
1388 692 1486 725 serie
1504 691 1757 724 concedimus.

159 751 299 784 Verum
313 751 344 783 si
361 750 500 792 prefati
516 749 688 788 heretici,
722 750 903 787 fautores,
929 749 1200 789 receptatores,
1227 748 1446 780 defensores
1461 748 1499 779 et
1529 746 1755 779 adherentes

119 806 165 839 ad
181 815 247 838 cor
263 806 407 839 reversi
424 814 575 839 errores
603 814 691 837 suos
717 803 941 846 agnoverint
958 804 995 836 et
1012 803 1057 835 de
1075 802 1151 835 illis
1169 803 1207 835 et
1223 802 1308 835 aliis
1325 811 1393 844 per
1411 811 1475 835 eos
1493 801 1702 834 commissis
1721 801 1759 833 et

116 861 344 903 perpetratis
369 860 516 893 delictis
541 859 707 893 heresim
745 859 978 900 sapientibus
1006 858 1154 891 veniam
1186 867 1271 890 cum
1310 857 1525 890 humilitate
1563 856 1756 898 petierint,

116 916 290 958 personis
307 916 345 948 in
360 915 545 959 dignitate
563 914 820 948 ecclesiastica
836 913 1052 946 constitutis
1070 922 1136 946 sen
1161 913 1200 945 in
1229 922 1337 945 saera
1354 911 1549 954 theologia
1565 912 1760 954 graduatis

118 980 187 1014 per
205 971 241 1004 te
259 970 571 1012 adinquisitionis
585 969 786 1012 negocium
799 969 1017 1010 hujusmodi
1030 969 1084 1010 (ut
1096 969 1302 1010 prefertur)
1320 967 1558 1009 deputandis,
1576 967 1616 999 ut
1634 968 1760 999 aucto-

118 1027 231 1060 ritate
256 1027 387 1059 nostra
413 1026 566 1059 eosdem
594 1024 795 1063 hereticos,
829 1025 1010 1062 fautores,
1038 1024 1309 1064 receptatores,
1340 1023 1560 1055 defensores
1590 1023 1628 1055 et
1645 1022 1757 1054 adhe-

118 1083 246 1115 rentes
260 1081 475 1123 (dummodo
492 1080 633 1122 relapsi
651 1090 726 1112 non
754 1080 909 1120 fuerint)
938 1079 983 1111 ad
1000 1079 1189 1121 gremium
1216 1078 1348 1110 matris
1366 1077 1526 1111 ecclesie
1540 1079 1578 1110 et
1595 1086 1759 1109 commu-

122 1137 274 1170 nionem
303 1136 473 1169 fidelium
503 1144 716 1178 aggregare
738 1135 980 1168 etrestituere
1004 1135 1042 1167 et
1072 1134 1243 1175 injuncta
1266 1133 1321 1166 eis
1347 1133 1456 1175 juxta
1488 1133 1760 1165 demeritorum

120 1201 251 1225 eorum
268 1191 489 1233 qualitatem
502 1191 712 1232 penitentia
729 1189 887 1222 salutari
904 1190 942 1222 et
966 1188 1062 1227 aliis,
1083 1198 1154 1230 que
1173 1189 1218 1221 de
1242 1188 1327 1230 jure
1350 1188 1495 1221 fuerint
1512 1188 1761 1230 injungenda,

121 1246 316 1280 absolvere
342 1255 566 1287 omnemque
595 1246 640 1278 ab
669 1246 723 1278 eis
767 1244 1018 1278 inhabilitatis
1051 1245 1088 1277 et
1116 1244 1272 1277 infamie
1304 1243 1489 1276 maculam
1521 1243 1599 1275 sive
1634 1244 1762 1275 notam

122 1302 275 1335 abolere
291 1302 438 1344 possint
465 1303 503 1334 et
530 1300 691 1339 valeant,
711 1300 903 1333 licentiam
920 1299 1161 1332 concedimus
1187 1300 1225 1332 et
1247 1299 1360 1331 etiam
1384 1298 1616 1332 facultatem.

164 1357 345 1390 Volumus
370 1358 496 1390 autem
512 1358 550 1389 et
567 1357 634 1388 sub
653 1355 1052 1389 excommunicationis
1081 1354 1156 1387 late
1178 1354 1366 1387 sententie
1390 1363 1500 1396 pena,
1532 1363 1553 1386 a
1566 1363 1640 1395 qua
1653 1363 1764 1387 nemo

125 1415 254 1455 preter
272 1422 339 1445 nos
358 1414 395 1445 et
423 1420 660 1444 successores
685 1412 834 1443 nostros
852 1411 1106 1443 Romanorum
1137 1410 1338 1451 pontifices
1364 1410 1545 1442 canonice
1577 1410 1764 1442 intrantes

123 1477 201 1507 eos,
221 1467 285 1510 qui
298 1469 430 1501 eontra
447 1468 620 1506 fecerint,
651 1467 761 1499 extra
783 1466 916 1498 mortis
945 1465 1146 1498 articulum
1174 1465 1370 1498 absolvere
1386 1465 1518 1506 possit,
1544 1465 1765 1497 mandamus

127 1524 238 1565 quod,
265 1524 297 1556 si
318 1523 444 1565 aliqua
467 1532 565 1564 pena
594 1532 659 1555 seu
688 1521 828 1554 mulcta
854 1521 1076 1563 pecuniaria
1097 1521 1279 1562 predictis
1310 1520 1502 1559 hereticis,
1535 1520 1761 1559 fautoribus,

124 1579 437 1621 receptatoribus,
457 1578 721 1611 defensoribus
750 1578 813 1610 aut
837 1577 1107 1610 adherentibus
1131 1577 1302 1608 iniuncta
1326 1585 1393 1609 seu
1418 1585 1550 1609 eorum
1567 1576 1666 1608 bona
1684 1576 1766 1617 ipso

123 1635 208 1676 ,iure
225 1633 284 1668 vel
302 1633 394 1667 alias
413 1634 617 1665 confiscata
633 1633 787 1671 fuerint,
804 1632 870 1665 illa
885 1641 1001 1673 penes
1020 1631 1164 1673 aliquas
1178 1641 1359 1673 personas
1377 1632 1451 1664 fide
1468 1632 1507 1664 et
1522 1630 1766 1664 facultatibus

125 1690 355 1723 sufficientes
380 1689 562 1731 deposita,
583 1688 753 1721 deductis
782 1689 907 1720 tamen
923 1687 1028 1728 prius
1046 1687 1223 1729 expensis
1240 1696 1309 1728 pro
1328 1687 1526 1728 stipendiis
1544 1696 1688 1725 eorum,
1704 1686 1769 1728 qui

125 1745 164 1778 in
199 1745 471 1786 premissorum
499 1743 723 1776 executione
753 1742 1029 1775 intervenerint
1067 1742 1304 1781 necessariis,
1346 1742 1386 1774 in
1414 1741 1557 1775 bellum
1589 1743 1768 1776 adversus

127 1800 269 1834 Tureas
302 1799 506 1833 Christiani
524 1798 686 1831 nominis
700 1797 828 1830 hostes
843 1798 881 1830 et
898 1807 972 1830 non
989 1798 1028 1830 in
1046 1797 1141 1830 alios
1158 1807 1248 1830 usus
1267 1798 1550 1830 convertantur.

171 1855 352 1888 Volumus
370 1856 569 1896 praeterea
585 1853 685 1894 quod
697 1862 766 1895 per
783 1853 1066 1894 deputationem
1084 1853 1129 1886 de
1145 1862 1310 1894 persona
1323 1854 1388 1885 tua
1400 1854 1438 1886 et
1456 1853 1569 1886 etiam
1584 1852 1669 1886 aliis
1686 1863 1769 1895 per-

129 1911 232 1944 sonis
245 1911 292 1943 ad
318 1909 575 1951 inquisitionis
592 1908 809 1950 hujusmodi
838 1909 1003 1940 officium
1022 1909 1078 1950 (ut
1104 1909 1310 1950 prefertur)
1326 1909 1464 1941 factam
1481 1907 1652 1941 locorum
1671 1910 1769 1942 ordi-

130 1966 261 2005 nariis,
289 1965 489 2006 quominus
521 1974 627 1997 suam
660 1963 890 1996 ordinariam
918 1963 1216 2004 inquisitionem,
1248 1973 1360 2005 quam
1388 1965 1434 1997 de
1471 1964 1557 2006 jure
1589 1973 1770 1999 exercere

130 2022 407 2054 consueverunt
439 2022 477 2053 et
514 2021 673 2062 possunt
712 2019 890 2051 adversus
926 2028 1181 2060 quoscumque
1220 2019 1410 2052 hereticos
1447 2019 1486 2052 in
1527 2029 1594 2052 sua
1629 2020 1770 2053 diocesi

131 2085 310 2110 exercere
337 2078 506 2118 possunt,
537 2074 681 2107 nullum
697 2074 950 2116 prejudicium
966 2075 1184 2116 generetur,
1204 2075 1540 2108 constitutionibus
1567 2076 1605 2108 et
1622 2076 1771 2108 ordina-

131 2133 298 2165 tionibus
322 2130 538 2173 apostolicis
555 2130 780 2171 ceterisque,
808 2138 879 2170 que
900 2130 1096 2171 premissis
1114 2129 1399 2170 quomodolibet
1423 2131 1574 2164 obstare
1601 2132 1770 2173 possent,

134 2197 208 2220 non
226 2187 461 2220 obstantibus
476 2186 786 2227 quibuscumque.

177 2243 315 2276 Datum
326 2242 447 2275 Rome
461 2242 560 2283 apud
576 2243 746 2274 sanetum
766 2241 935 2279 Petrum,
955 2249 1052 2273 anno
1066 2240 1338 2274 incarnationis
1357 2241 1554 2275 Dominice
1569 2241 1772 2276 millesimo

135 2298 438 2341 quingentesimo
456 2297 638 2340 vigesimo
664 2296 790 2335 tertio,
819 2295 895 2328 kal.
913 2295 936 2329 J
941 2296 1032 2335 unii,
1051 2296 1293 2337 pontificatus
1311 2297 1431 2330 nostri
1449 2307 1546 2330 anno
1572 2298 1710 2339 primo.

177 2354 346 2398 Inferius
362 2353 406 2396 (l)
423 2357 500 2386 erac
516 2353 694 2396 scriptum
711 2362 723 2387 .
741 2350 1029 2394 T[heodorieus]
1055 2351 1193 2384 Hesius
1210 2357 1242 2386 et
1254 2362 1365 2396 super
1374 2352 1478 2396 plica
1500 2361 1509 2383 .
1528 2352 1771 2396 11,

181 2408 326 2443 Collata
350 2417 507 2450 presens
535 2408 644 2450 copia
674 2416 758 2440 cum
787 2406 1037 2449 originalibus
1059 2406 1198 2440 litteris
1227 2407 1406 2451 sigillatis
1433 2407 1611 2450 plumbeo
1645 2408 1774 2452 sigillo

137 2464 326 2508 pendente
343 2463 547 2497 concordat
560 2472 645 2496 cum
672 2463 828 2502 eisdem,
845 2462 882 2496 J.
902 2461 1029 2495 Brem.

487 2535 745 2577 Rijksarchief
773 2535 809 2568 te
834 2533 1001 2571 Brussel
1028 2534 1195 2578 Reqistre
1221 2545 1288 2568 sur
1316 2533 1349 2569 Ze
1365 2535 1466 2579 faict,
1497 2536 1584 2576 etc
1610 2536 1676 2570 fol.
1695 2536 1777 2571 612-

532 2591 614 2633 6173
632 2591 906 2624 vidimus-brief
927 2600 974 2632 op
992 2589 1055 2623 het
1073 2590 1333 2632 Rijksarchief
1349 2591 1387 2623 in
1406 2592 1488 2625 Den
1517 2591 1626 2636 Haag
1641 2592 1777 2637 (Derda

162 2683 255 2692 -..

185 2740 232 2787 (1)
246 2742 299 2777 Te
313 2742 501 2786 beginnen
514 2742 591 2775 met
603 2740 764 2787 Inferius
792 2740 824 2773 is
839 2740 930 2774 alles
945 2749 1014 2773 van
1034 2741 1079 2774 de
1096 2740 1196 2774 hand
1213 2750 1283 2774 van
1298 2740 1335 2775 J.
1354 2739 1481 2780 Brem,
1497 2741 1557 2774 die
1571 2741 1780 2775 substituut

142 2809 213 2832 van
227 2800 297 2832 den
315 2807 524 2840 procureur
541 2797 718 2840 genera-al
734 2798 771 2829 in
786 2797 954 2830 Brabant
971 2806 1058 2831 was.
1076 2806 1121 2830 en
1140 2797 1205 2830 het
1233 2797 1400 2839 gansehe
1426 2797 1514 2830 stuk
1538 2797 1570 2830 is
1585 2797 1678 2830 door
1695 2797 1783 2830 hem

144 2863 229 2888 zeer
245 2854 472 2897 aandachtig
489 2853 660 2886 overzien
678 2862 724 2886 en
742 2852 826 2886 hier
842 2862 888 2885 en
918 2852 1008 2885 daar
1024 2853 1224 2886 verbeterd
1267 2854 1368 2886 want
1385 2853 1431 2886 de
1455 2852 1680 2895 afschrijver
1707 2852 1782 2886 had

145 2910 296 2952 menige
323 2909 458 2951 bokjes
482 2908 709 2952 gesehoten3
737 2908 920 2941 nochtans
951 2917 1078 2941 waren
1107 2917 1149 2941 er
1176 2917 1252 2951 nog
1283 2907 1418 2943 cnkele
1444 2908 1572 2942 kleine
1597 2909 1646 2950 bij
1666 2908 1780 2943 Brem

146 2965 286 3007 blijven
312 2966 430 3004 staan,
465 2965 525 2999 die
541 2974 590 2998 nu
607 2964 841 3007 gaandcweg
865 2964 1065 2998 verbetcrd
1081 2964 1165 3006 ziJn.
