2096 3481
264 271 327 304 414
966 264 1104 299 ANNO
1130 265 1214 298 1525

258 380 475 413 tianismum
501 375 736 410 asciscendas
754 383 836 408 esse
853 374 915 417 (1).
934 374 1042 412 Quod
1066 384 1149 407 cum
1175 383 1288 417 aegre
1312 373 1579 416 permitterent
1601 373 1745 412 Iudaei,
1764 381 1892 416 super-

256 434 343 467 cilio
363 434 390 465 Ι
394 433 475 475 egis
494 431 650 473 turgidi,
667 430 788 462 visum
806 439 848 462 er
851 430 888 462 at
903 428 1096 470 Apostolis
1110 429 1171 470 (2),
1191 429 1371 462 dictatore
1390 428 1534 470 Spiritu
1551 429 1692 468 sancto,
1707 429 1894 462 rationem

257 489 422 529 aliquam
440 485 688 523 comminisci
705 494 779 526 qua
795 486 871 517 tam
888 485 1060 517 diversae
1076 493 1145 526 pa1
1148 484 1226 517 tes'
1218 494 1256 516 in
1271 484 1455 517 unitatem
1469 483 1558 516 fidei
1577 484 1893 526 aggregarentur,

257 544 295 575 id
325 542 424 582 quod
453 541 537 573 flexi
566 549 640 572 non
668 539 804 581 potuit.
832 539 905 570 nisi
933 537 1055 571 altera
1081 547 1168 579 pars
1197 538 1309 571 alteri
1333 539 1463 570 mutuo
1489 538 1715 570 concederet
1739 537 1893 578 aliquid,

260 598 373 638 idque
403 605 449 629 ex
477 595 675 627 charitatis
705 594 844 632 debito,
876 602 971 634 quac
1000 593 1194 634 dispensat
1225 602 1494 633 nonnunquam
1527 593 1572 625 de
1604 592 1764 634 legibus.
1798 592 1896 624 Hinc

259 654 397 685 factum
418 652 487 689 cst,
508 652 560 687 ut,
579 659 664 682 cum
682 649 812 682 Iudaei
830 649 1129 681 circumcisionis
1146 649 1314 691 rigorem
1332 650 1370 681 et
1387 649 1459 680 sibi
1476 649 1513 681 et
1530 648 1706 690 gentibus
1730 648 1898 681 remitte-

258 711 357 745 rent,
381 708 514 749 gentes
532 706 665 738 contra
681 714 702 737 a
719 705 900 737 suffocato
915 705 952 737 et
965 704 1150 746 sanguine
1165 704 1210 736 ad
1228 705 1375 745 tempus
1394 704 1576 736 duntaxat
1593 702 1897 745 abstinerent(3),

261 765 422 803 utraque
446 761 550 793 natio
576 759 830 803 Evangelicae
854 760 1049 792 doctrinae
1075 759 1345 800 acquiesceret.
1365 759 1472 797 Quod
1495 768 1585 792 vero
1610 759 1804 792 decretum
1828 758 1899 790 hoc

260 817 510 860 apostolicum
534 817 668 859 gentes
692 816 877 857 perpetuo
903 824 978 847 non
1003 815 1266 852 obstrinxerit,
1282 824 1403 855 neque
1431 823 1562 856 parem
1579 823 1664 846 cum
1686 813 1899 856 praeceptis

262 873 399 905 divinis
416 871 554 905 habeat
570 871 854 909 authoritatem,
872 870 911 902 id
935 870 1023 903 inde
1049 871 1207 909 constat,
1235 870 1334 911 quod
1358 870 1470 903 hodie
1494 869 1606 911 plane
1632 869 1681 902 sit
1705 868 1899 902 abolitum.

263 928 387 965 Quare
405 927 499 960 nihil
525 927 668 959 temere
694 926 738 959 ab
764 925 957 967 Apostolis
982 926 1040 959 est
1062 926 1285 968 factitatum,
1311 934 1433 966 neque
1455 925 1657 968 legationis
1682 933 1772 958 suae
1796 924 1902 966 septa

263 983 323 1015 hic
341 982 605 1015 transilierunt
622 982 720 1023 apud
737 981 971 1014 Matthaeum
988 981 1081 1022 ipsis
1096 981 1343 1022 praescripta.

307 1038 520 1073 Montanus.
539 1037 654 1070 Aliud
670 1037 841 1070 invenias
859 1036 1042 1069 Matthaei
1059 1036 1165 1077 xxiij,
1185 1045 1295 1076 quam
1314 1036 1413 1077 quod
1431 1036 1470 1068 tu
1489 1036 1581 1068 dicis
1596 1036 1656 1078 (4).

317 1093 536 1127 WVordenas.
557 1092 654 1130 Quid
671 1092 810 1124 clarius
827 1092 886 1124 his
899 1091 1037 1130 verbis,
1057 1092 1193 1132 quibus
1211 1091 1248 1123 in
1267 1091 1447 1123 mundum
1465 1091 1689 1133 ablegantur
1706 1089 1901 1132 Apostoli?

267 1164 282 1177 u
302 1149 460 1187 Euntes,
490 1149 613 1189 inquit
646 1148 831 1188 Christus,
865 1148 903 1179 in
935 1147 1117 1179 mundum
1149 1148 1380 1183 universum,
1409 1147 1626 1188 praedicate
1655 1145 1903 1188 Evangelium

266 1205 368 1237 omni
386 1205 596 1241 creaturae,
618 1204 794 1236 docentes
812 1212 856 1236 ea
870 1211 1022 1235 servare
1040 1211 1287 1243 quaecunque
1305 1211 1375 1244 ego
1393 1203 1570 1243 praecepi
1588 1202 1706 1234 vobis.
1729 1217 1744 1230 2,

309 1259 525 1292 Montanus.
551 1259 636 1291 Non
661 1258 732 1290 hoc
749 1257 934 1294 volebam,
954 1257 1021 1290 sed
1037 1257 1127 1298 xxiij
1148 1258 1261 1299 caput
1278 1257 1458 1293 mentito,
1478 1257 1541 1289 ubi
1558 1257 1612 1289 sic
1629 1256 1743 1289 habet
1759 1256 1873 1289 lectio
1893 1265 1901 1288 ε

271 1328 287 1342 ιι
308 1314 428 1356 Super
453 1314 669 1347 cathedram
694 1313 792 1346 Mosi
816 1313 997 1346 sederunt
1022 1312 1174 1345 Scribae
1199 1314 1237 1345 et
1261 1312 1477 1353 Pharisaei3
1505 1321 1599 1352 quae
1625 1312 1754 1344 dicunt
1769 1311 1904 1352 facite;

268 1371 473 1403 secundum
499 1378 614 1411 opera
631 1369 756 1402 autem
774 1377 905 1401 eorum
924 1367 1041 1401 nolite
1058 1369 1196 1401 facere.
1219 1382 1234 1396 ’ν
1254 1368 1379 1400 Audin
1397 1367 1491 1400 hoc?
1508 1367 1747 1401 intellextin?
1768 1380 1784 1394 ιι
1803 1367 1906 1405 Quae

270 1426 411 1467 dicunt,
430 1425 552 1466 inquit
570 1424 755 1461 Christus,
773 1425 898 1457 facite.
920 1439 936 1452 „

323 1479 541 1514 1V0rdenas.
560 1480 667 1513 Itane
684 1488 750 1512 vos
768 1480 888 1512 nostri
906 1478 1047 1512 saeculi
1066 1478 1218 1512 Scribae
1236 1488 1278 1511 ac
1296 1478 1493 1512 Pharisaei
1512 1478 1615 1516 estis,
1631 1487 1791 1519 quorum
1809 1478 1909 1510 dicta

269 1537 478 1573 audiamus,
496 1537 597 1568 facta
613 1535 894 1577 improbemus?
911 1535 1059 1572 Videte,
1079 1544 1126 1567 ne
1143 1535 1182 1566 in
1207 1535 1308 1567 idem
1332 1534 1515 1567 iudicium
1533 1534 1684 1567 Domini
1708 1543 1793 1566 cum
1816 1533 1908 1575 ipsis

270 1592 459 1630 incidatis,
479 1592 543 1632 qui
567 1590 666 1623 malo
691 1591 790 1623 vitae
816 1589 989 1632 exemplo
1017 1590 1222 1631 puritatem
1248 1590 1442 1622 doctrinae
1466 1588 1718 1631 Evangelicae
1741 1587 1906 1630 propha-

268 1648 379 1685 natis,
399 1656 613 1688 quanquam
641 1656 715 1678 non
745 1655 908 1688 agnosco
937 1655 1002 1678 vos
1030 1645 1249 1678 cathedram
1274 1644 1372 1677 Mosi
1401 1654 1585 1686 occupare
1604 1644 1652 1686 (5)
1673 1654 1680 1676 :
1706 1645 1910 1686 propterea

268 1703 367 1744 quod
385 1702 510 1745 legem
528 1702 680 1735 Domini
698 1702 795 1734 Mosi
813 1702 937 1734 datam
956 1710 1030 1733 non
1048 1701 1205 1739 docetis,
1220 1700 1380 1742 proinde
1400 1709 1469 1733 nec
1487 1700 1664 1732 audiendi
1682 1699 1790 1732 nobis
1803 1699 1907 1732 estis.

272 1758 429 1791 Omissis
455 1759 556 1791 enim
572 1758 768 1790 hominum
786 1757 1069 1793 traditionibus,
1088 1756 1243 1789 verbum
1262 1756 1332 1788 Dei
1349 1764 1443 1797 pure
1462 1755 1686 1788 tradendum
1703 1755 1761 1787 est
1778 1764 1786 1786 ;
1804 1754 1911 1787 iuxta

268 1813 364 1846 illud
381 1813 429 1855 (6)
449 1823 456 1846 :
478 1827 493 1841 u
513 1813 621 1853 Quod
638 1822 710 1856 ego
729 1812 922 1855 praecipio
941 1812 1022 1850 tibi,
1041 1811 1113 1844 hoc
1131 1812 1277 1844 tantum
1292 1811 1407 1844 facito
1426 1811 1601 1849 Domino,
1620 1819 1690 1844 nec
1707 1810 1822 1843 addas
1839 1818 1909 1842 nec

270 1870 431 1902 minuas.
455 1885 470 1898 „

312 1923 572 1959 Enchusanus.
593 1924 632 1958 Si
648 1933 781 1958 verum
800 1924 858 1958 est
875 1924 974 1965 quod
992 1925 1032 1957 tu
1047 1922 1258 1962 contendis,
1272 1922 1348 1956 iam
1364 1921 1525 1956 multum
1543 1931 1565 1956 a
1577 1931 1667 1956 vero
1685 1920 1911 1955 aberrarunt

269 1980 455 2023 Apostoli.

325 2036 543 2070 Wordenas.
567 2036 664 2075 Quid
681 2037 747 2075 ita,
768 2037 933 2078 quaeso?

314 2089 574 2125 Enchusamcs.
608 2090 704 2128 Quia
734 2090 949 2133 baptizandi
981 2088 1197 2127 formulam,
1228 2099 1250 2122 a
1281 2088 1431 2122 Christo
1464 2088 1616 2122 disertis
1647 2087 1773 2121 verbis
1804 2094 1910 2130 prae-

273 2147 465 2188 scriptam,
484 2147 565 2179 ausi
589 2146 780 2184 mutilare,
806 2147 845 2179 in
863 2145 1015 2179 nomine
1032 2146 1177 2178 tantum
1201 2145 1295 2179 Jesu
1318 2145 1570 2188 baptizabant,
1588 2145 1630 2177 ut
1653 2143 1794 2177 habent
1816 2143 1911 2176 Acta

272 2201 481 2243 apostolica
496 2202 557 2244 (7).

317 2257 588 2291 Rosemundus.
607 2257 730 2291 Istaec
746 2267 807 2291 res
825 2258 894 2296 est,
914 2257 1065 2291 domine
1082 2257 1265 2300 magister
1283 2257 1423 2290 noster.

317 2312 530 2346 Montanus.
550 2312 647 2351 Quid
666 2313 727 2345 hic
744 2313 861 2346 habes
879 2313 979 2353 quod
995 2312 1250 2354 respondeas?
1268 2312 1406 2345 Taces.
1397 2313 1410 2336 ²

326 2367 545 2402 WVordenas.
574 2368 721 2402 Siccine
751 2370 809 2401 est
831 2368 1118 2401 vociferandum
1142 2368 1181 2400 in
1208 2369 1289 2400 me?
1314 2367 1460 2400 Siccine
1485 2366 1645 2400 docendi
1673 2339 1910 2408 insipientes,

272 2424 475 2456 revocandi
501 2425 692 2457 errantes?
718 2423 857 2457 Omnes
882 2433 956 2456 uno
983 2432 1048 2456 ore
1074 2433 1142 2456 ceu
1166 2423 1247 2465 lupi
1272 2423 1423 2464 quidam
1452 2422 1489 2454 in
1519 2431 1579 2455 me
1604 2421 1789 2455 oviculam
1815 2422 1911 2454 into-

275 2480 386 2517 natis,
406 2480 513 2520 quasi
529 2489 588 2513 me
605 2480 775 2512 voraturi
793 2480 887 2512 sitis.
908 2481 964 2513 An
982 2479 1036 2511 sic
1053 2479 1264 2521 agendum?

321 2639 369 2682 (1)
393 2641 441 2674 In
464 2641 637 2684 maryine
655 2651 663 2673 z
682 2641 811 2678 Amos,
831 2639 864 2672 9.

320 2694 368 2736 (2)
458 2694 564 2728 Idem
656 2705 663 2727 :
683 2694 953 2737 Apostolorum
970 2693 1187 2727 concilium.

322 2749 369 2790 (3)
460 2748 565 2783 Idem
658 2759 665 2782 ε
686 2749 842 2792 Legalia
859 2749 1065 2790 antiquata.

321 2804 369 2846 (4)
460 2804 563 2837 Idem
657 2814 664 2836 :
683 2805 705 2837 J
710 2805 843 2837 oannis
860 2805 1018 2837 Pistorii
1035 2803 1160 2837 Biblia
1176 2804 1442 2845 inquisitorum
1460 2804 1633 2837 manibus
1646 2803 1860 2837 volvuntur.

322 2859 369 2900 (5)
459 2859 564 2892 Idem
658 2869 665 2891 :
685 2859 911 2892 Cathedram
928 2859 1025 2892 Mosi
1042 2859 1107 2901 qui
1125 2861 1321 2902 occupent.

323 2913 370 2954 (6)
461 2913 566 2947 Idem
659 2924 666 2946 :
686 2915 972 2953 Deuteronomi,
992 2916 1023 2947 1.

323 2968 371 3008 (7)
462 2968 566 3002 Idem
658 2978 665 3001 :
684 2970 877 3009 Actorum,
897 2971 950 3003 10.
