2096 3481
332 298 374 330 80
1022 299 1158 333 ANNO
1184 299 1266 332 1521

1101 458 1183 503 53.

404 591 542 637 1521,
583 588 822 643 Auyustus
853 590 925 638 19,
974 588 1173 630 Utreclzt.
1211 590 1451 634 Uittreksel
1486 590 1548 634 uit
1580 589 1633 633 de
1663 589 1840 648 kronijk
1871 603 1958 634 van

333 658 408 700 het
440 658 633 701 klooster
664 662 707 701 te
740 657 1013 700 Amersfoort
1050 672 1154 701 over
1196 658 1248 701 de
1293 672 1482 702 sommen
1525 657 1699 701 betaald
1739 671 1846 701 voor
1882 658 1960 701 het

333 726 604 770 verbranden
628 727 704 768 der
726 726 995 769 Luthersche
1017 726 1184 770 boeken
1209 727 1372 771 aldaar.

379 820 477 852 Ann.
499 820 594 852 1521.
613 819 779 852 Joanncs
798 820 843 852 de
861 819 979 858 Tiela,
999 819 1167 861 Philippi
1190 820 1357 862 episcopi
1375 819 1629 860 Trajectensis
1646 819 1685 852 in
1702 818 1960 860 spiritualibus

337 875 511 914 vicarius,
542 875 644 907 dedit
672 874 902 916 spiculatori,
934 874 996 915 qui
1021 875 1226 907 combussit
1249 874 1365 907 libros
1389 875 1547 908 Lutheri
1570 874 1667 907 feria
1689 874 1854 907 secunda
1876 874 1962 915 post

335 930 612 971 Assumptionis
640 929 794 967 Mariae,
824 930 862 962 et
880 939 963 966 ,non
986 929 1105 962 voluit
1129 930 1251 962 minus
1279 929 1430 968 habere,
1457 939 1571 962 unum
1595 930 1741 962 scutum
1765 928 1959 962 Franciae.

338 985 431 1019 Item
459 985 561 1017 dedit
586 984 706 1016 adhuc
732 984 875 1016 duobus
899 984 1050 1017 famulis
1067 984 1228 1017 civitatis
1246 984 1512 1025 Trajectensis,
1532 985 1594 1026 qui
1612 983 1832 1017 direxerunt
1847 992 1962 1025 popu-

336 1039 426 1078 lum,
458 1041 499 1071 ut
531 1039 736 1080 spiculator
767 1038 900 1071 melius
928 1040 1095 1080 potuerit
1121 1048 1299 1072 exercerc
1328 1040 1490 1072 officium
1518 1048 1639 1077 suum,
1669 1038 1824 1071 cuilibet
1851 1047 1963 1071 unam

339 1094 486 1127 libram.
514 1095 619 1126 Facit
643 1094 707 1125 viii
732 1095 777 1125 st.
804 1093 899 1126 Item
924 1094 1027 1126 dedit
1051 1093 1171 1126 adhuc
1195 1103 1263 1136 pro
1288 1103 1361 1126 una
1384 1095 1504 1133 taeda,
1530 1094 1628 1127 unde
1653 1094 1774 1126 tortor
1797 1093 1964 1126 incendit

337 1149 475 1191 ignem.
496 1149 532 1180 in
551 1158 623 1188 quo
642 1147 728 1180 libri
746 1147 902 1180 Luthcri
919 1148 1248 1186 comburebantur,
1269 1148 1285 1179 1
1303 1149 1461 1186 scutum,
1479 1148 1533 1180 xii
1550 1149 1637 1180 stuf.

685 1225 849 1265 Kronijk
881 1234 951 1257 van
983 1225 1048 1257 het
1085 1224 1255 1257 klooster
1295 1225 1339 1257 de
1378 1225 1512 1257 Birckt
1550 1226 1586 1258 te
1623 1225 1873 1264 Amersfoort‚
1912 1224 1961 1266 bij

726 1280 953 1318 Matthaeus,
980 1279 1236 1313 Fundationes
1259 1286 1290 1313 et
1314 1280 1393 1323 fata
1417 1279 1666 1319 ecclesiarum,
1685 1280 1755 1312 blz.
1774 1279 1858 1320 5253
1884 1288 1966 1312 aan-

726 1334 888 1377 gehaald
905 1335 954 1376 bij
974 1335 1019 1367 de
1037 1335 1146 1376 Hoop
1166 1334 1346 1373 Scheffer,
1368 1333 1638 1373 Geschiedem's,
1657 1335 1726 1367 blz.
1747 1334 1821 1369 115.

1101 1495 1185 1540 54.

409 1643 547 1687 1521,
582 1636 833 1680 December
869 1640 913 1687 6,
954 1638 1161 1679 Reuss-el.
1220 1640 1539 1695 Inquisitoriale
1589 1640 1810 1683 volmacht
1862 1639 1966 1682 door

338 1709 553 1753 Robertus
586 1721 669 1751 van
701 1708 828 1765 Croy‚
865 1707 1063 1764 bisschop
1095 1722 1179 1751 van
1213 1709 1452 1765 Kamerijk,
1479 1722 1561 1752 aan
1596 1709 1648 1751 de
1686 1707 1965 1763 inquisiteurs

337 1779 536 1823 Nicolaas
558 1791 643 1820 van
667 1777 860 1833 Egmond
885 1791 938 1819 en
960 1778 984 1820 J
989 1776 1145 1820 acobus
1169 1777 1342 1820 Masson
1368 1776 1609 1836 (Latomus)
1639 1776 1860 1827 verleend,
1897 1791 1965 1820 om

337 1861 416 1890 een
436 1846 680 1890 onderzoek
712 1846 755 1888 in
780 1850 820 1889 te
853 1846 1011 1889 stellen
1044 1860 1147 1889 over
1176 1846 1252 1888 het
1284 1847 1407 1889 leven
1441 1861 1493 1889 en
1517 1847 1569 1890 de
1592 1846 1857 1889 leerstelsels
1879 1860 1966 1889 van

337 1917 418 1959 den
473 1928 727 1971 gevangene
779 1914 964 1958 Jacobus
1007 1915 1303 1969 Praepositus,
1349 1916 1467 1971 prior
1515 1915 1591 1958 der
1643 1914 1966 1970 Antwerpsche

337 1985 634 2041 augustijnen.
669 1985 778 2026 Deze
811 1984 931 2026 werd
965 1983 1022 2040 bij
1048 1984 1129 2025 den
1153 1983 1353 2039 bisschop
1386 1998 1439 2027 en
1473 1983 1529 2040 bij
1565 1983 1646 2026 den
1680 1983 1826 2026 keizer
1862 1997 1966 2026 aan-

338 2053 550 2110 geklaagd
575 2053 638 2095 als
671 2051 812 2109 zijnde
845 2066 924 2095 een
958 2052 1212 2108 aanhanger
1234 2067 1320 2095 van
1344 2053 1425 2095 den
1450 2053 1595 2096 ketter
1618 2053 1797 2102 Luther,
1825 2052 1965 2094 wiens

337 2123 538 2177 dolingen
573 2122 632 2178 hij
668 2121 711 2164 in
744 2122 855 2178 zijne
879 2135 1133 2163 sermoenen
1158 2135 1209 2163 en
1234 2121 1510 2177 gesprekken
1533 2135 1617 2164 aan
1642 2120 1745 2164 tafel
1781 2134 1832 2176 op
1867 2122 1962 2164 veel

339 2192 533 2247 plaatsen
554 2191 820 2246 verkondigd
841 2190 974 2233 heeft.
998 2192 1057 2233 De
1074 2190 1360 2245 inquisiteurs
1384 2191 1524 2233 zullen
1545 2190 1642 2232 hem
1662 2189 1964 2245 ondervragen

339 2273 393 2302 en
431 2261 530 2302 hem
570 2263 657 2301 met
692 2260 733 2301 al
773 2260 885 2316 zijne
925 2260 1217 2314 aanhangers‚
1254 2258 1540 2316 geesteliJken
1575 2258 1622 2300 of
1650 2257 1820 2310 leeken‚
1858 2272 1966 2301 naar

339 2329 391 2371 de
423 2327 738 2385 gebruikelijke
761 2328 903 2384 regels
926 2329 1002 2370 der
1034 2327 1262 2382 Inquisitio
1284 2328 1519 2384 vervolgen
1543 2328 1608 2370 als
1632 2326 1966 2370 machthebbers

339 2411 425 2441 van
445 2398 526 2439 den
545 2396 759 2453 bisschop.

386 2490 589 2533 [Robertus
619 2491 663 2523 de
689 2491 797 2533 Croy,
825 2491 1106 2524 Cameracensis
1134 2492 1343 2532 episcopus,
1374 2490 1526 2522 mandat
1557 2499 1654 2523 anno
1687 2489 1782 2523 1521.
1808 2489 1967 2522 Eximiis

342 2547 433 2578 viris
466 2546 509 2578 D.
545 2547 587 2578 D.
623 2545 778 2578 Nicolao
811 2546 1056 2588 Egmondano
1096 2548 1134 2579 et
1169 2546 1312 2578 Jacobo
1351 2546 1519 2584 Latomo,
1562 2546 1712 2578 sanctae
1750 2544 1966 2586 theologiae

344 2601 559 2633 doctoribus
588 2601 883 2634 Lovaniensibus
908 2601 1071 2642 fideique
1100 2601 1397 2642 inquisitoribus,
1429 2602 1469 2632 ut
1497 2600 1689 2640 inquirant
1715 2600 1753 2631 in
1781 2608 1905 2632 mores
1929 2599 1967 2632 et

343 2657 550 2689 doctrinam
578 2657 708 2688 fratris
734 2656 867 2688 Jacobi
896 2657 1099 2698 Prepositi,
1128 2657 1266 2698 prioris
1297 2657 1503 2688 conventus
1535 2656 1695 2687 fratrum
1726 2655 1967 2696 Augustinia-

343 2721 475 2743 norum
493 2712 734 2752 Antverpiae,
753 2712 816 2752 qui
833 2711 961 2752 plures
978 2711 1154 2744 haereses
1172 2711 1405 2743 Lutheranas
1424 2711 1613 2743 docuerat.
1631 2708 1878 2752 Dierna-sena]

385 2767 575 2799 Robertus
601 2768 645 2800 de
671 2768 780 2808 Croy‚
808 2767 877 2799 Dei
901 2768 939 2799 et
963 2766 1191 2808 apostolicae
1216 2767 1314 2798 sedis
1340 2767 1463 2808 gratia
1486 2765 1768 2798 administrator
1784 2764 1965 2797 ecclesiae

344 2822 382 2854 et
413 2822 486 2853 dux
519 2822 810 2859 Cameracensis,
844 2822 929 2859 etc.,
962 2821 1185 2854 venerandis
1216 2821 1386 2862 patribus
1418 2821 1524 2852 nobis
1556 2821 1594 2852 in
1631 2819 1778 2852 Christo
1819 2819 1965 2852 dilectis

344 2874 532 2918 d[ominis]
565 2876 721 2909 Nicolao
750 2877 794 2908 de
822 2876 1021 2918 Egmunda
1047 2877 1085 2909 et
1111 2876 1253 2908 Jacobo
1282 2875 1450 2913 Latomo,
1480 2884 1608 2908 sacrae
1634 2875 1796 2917 paginae
1822 2875 1965 2917 profes-

344 2931 502 2969 soribuS,
522 2931 681 2964 salutem
697 2932 735 2964 in
754 2931 914 2964 Domino
931 2932 968 2964 et
984 2931 1022 2963 in
1040 2931 1249 2964 commissis
1267 2929 1430 2963 fideliter
1446 2939 1572 2972 agere.

388 2986 441 3018 Dc
469 2987 603 3018 vestris
631 2986 977 3028 circumspectione,
1008 2986 1189 3019 fidelitate
1207 2987 1244 3019 ct
1268 2985 1500 3018 orthodoxae
1523 2985 1611 3018 fidei
1636 2984 1715 3018 zelo
1740 2985 1777 3017 in
1802 2985 1961 3018 Domino
