2096 3481
766 214 902 249 ANNO
929 214 1013 247 1525
1639 214 1704 248 449

125 325 363 369 Loverinqus.
393 324 498 358 Bono
527 324 651 358 animo
680 325 749 366 sis3
778 333 874 358 uxor
901 324 1014 358 hodie
1042 332 1062 357 e
1092 323 1236 356 Worda
1259 322 1332 356 huc
1364 323 1570 356 accersitur
1595 333 1603 356 :
1629 323 1704 356 imo

76 381 151 414 iam
176 390 257 415 eam
283 381 413 413 adesse
438 380 568 422 audi03
595 380 652 413 est
675 380 774 420 quod
798 379 977 413 laeteris:
1005 378 1153 412 dabitur
1177 379 1277 412 enim
1302 379 1340 411 et
1363 379 1513 411 videndi
1531 379 1569 412 et
1591 378 1704 411 collo-

79 436 216 477 quendi
233 436 339 477 eopia
353 435 414 477 (1).

127 489 343 525 Wordenas.
376 490 458 532 Ego
486 490 621 523 vestris
650 499 715 523 vos
747 490 925 532 permitto
954 488 1133 531 consilijS.
1164 488 1257 527 Quid
1293 489 1443 522 tandem
1476 489 1520 521 de
1553 497 1624 527 me,
1659 489 1706 521 de

77 555 196 579 uxore
227 547 264 579 et
295 554 407 578 causa
437 554 522 578 mea
557 545 742 584 statuatis,
780 554 853 577 non
886 545 1029 578 laboro.
1068 544 1274 578 Consilium
1315 544 1465 577 Domini
1501 544 1625 583 stabit,
1667 544 1706 577 ct

77 601 198 634 omnis
216 601 296 634 eius
312 599 486 633 voluntas
503 600 581 633 fiet.

118 655 357 698 Loverinyus.
377 655 468 688 Cum
485 655 554 687 tibi
571 664 667 688 uxor
685 655 837 688 omnino
856 655 1026 689 ducenda
1038 655 1150 692 essct,
1166 654 1354 688 iuniorem
1373 654 1510 687 ducere
1528 653 1702 691 debebas,

76 719 171 752 quae
189 711 256 743 tibi
272 709 413 743 liberos
429 711 594 752 pareret.

125 764 341 799 Wordenas.
370 764 463 804 Vah,
490 774 602 806 quam
630 775 705 798 non
735 766 842 800 deest
869 765 1145 804 calumniatori,
1172 765 1271 807 quod
1295 765 1333 797 in
1361 763 1564 797 virtutibus
1591 763 1704 796 etiam

72 820 350 863 reprehendat?
375 820 414 852 Si
430 821 615 853 iuniorem
633 821 838 863 duxissem,
857 822 921 854 aut
937 821 1046 854 valde
1070 822 1290 861 formosam,
1308 820 1382 852 iam
1400 818 1470 851 hoc
1487 818 1703 861 coniugium

73 876 196 909 carnis
221 885 314 918 opus
338 876 507 908 fuisset-is
531 876 784 918 interpretati.
812 876 920 910 Nune
946 885 1048 915 vero,
1075 885 1159 909 cum
1184 875 1276 908 mihi
1302 875 1413 907 ducta
1437 874 1486 906 sit
1508 881 1604 906 uxor
1629 882 1702 905 non

74 930 265 973 opulenta,
295 940 369 964 non
402 932 613 972 suspectae,
646 932 711 964 sed
742 932 862 965 statae
893 933 1037 965 formae
1068 932 1222 968 femina,
1252 931 1449 970 aetateque
1477 928 1561 970 plus
1593 936 1704 969 quam

73 986 236 1029 integra,
263 995 359 1027 quae
382 986 648 1019 faecunditatis
674 995 790 1019 annos
817 987 942 1020 tamen
967 996 1042 1020 non
1060 986 1220 1025 excedit,
1241 985 1363 1019 adhuc
1387 984 1530 1017 invenit
1552 984 1703 1024 iniquus

75 1041 308 1084 sycophanta
325 1041 424 1082 quod
440 1041 705 1074 calumnietur.

117 1095 359 1139 Loverinyus.
394 1097 545 1135 Dixisti,
579 1097 625 1129 ob
657 1097 728 1129 hoc
759 1097 998 1139 potissimum
1030 1096 1098 1129 tibi
1134 1097 1283 1129 ductam
1320 1103 1490 1132 uxorem,
1524 1094 1622 1135 quod
1656 1093 1700 1126 ab

74 1149 209 1182 uxorio
225 1158 432 1192 congressu
448 1158 518 1190 per
534 1149 658 1181 carnis
676 1151 844 1183 furorem
862 1159 936 1182 non
953 1158 1085 1192 posses
1103 1150 1331 1190 temperare,
1350 1148 1474 1180 itane?
1735 1139 1739 1144 ’

123 1203 341 1238 Wordenas.
361 1204 450 1237 Dixi
467 1205 568 1246 quod
583 1213 645 1237 res
663 1206 757 1238 erat.

115 1259 358 1304 Loverinqus.
378 1260 607 1293 Continuisti
623 1260 668 1292 ab
686 1261 815 1293 uxoris
833 1261 1028 1294 contractu
1046 1259 1117 1293 hoc
1135 1259 1413 1301 quadrimestre
1430 1258 1562 1290 totum.
1582 1255 1701 1295 Quod,

72 1315 104 1348 si
135 1315 276 1348 diutius
314 1315 351 1348 te
389 1314 427 1347 in
467 1324 618 1348 carcere
655 1315 926 1356 detineremus,
958 1324 1083 1349 nonne
1112 1315 1296 1357 perpetuo
1328 1313 1520 1356 cogereris
1552 1311 1702 1345 coelebs

71 1369 222 1403 vivere?
239 1369 336 1408 Quid
353 1378 445 1412 ergo
464 1371 673 1403 extremam
691 1371 955 1403 necessitatem
972 1369 1123 1402 libidini
1140 1370 1226 1403 tuae
1243 1368 1459 1411 praetexis2

123 1424 339 1458 Wordenas.
369 1425 525 1458 Adeone
557 1435 622 1458 vos
651 1425 843 1458 crudelem
872 1427 935 1458 aut
962 1425 1160 1468 plagosum
1187 1424 1313 1457 facitis
1339 1424 1472 1463 Deum,
1502 1431 1548 1456 ex
1575 1423 1700 1455 vestro

72 1490 159 1515 eum
173 1481 374 1514 metientes
398 1481 536 1519 animo,
555 1482 596 1513 ut
609 1490 669 1514 me
686 1481 786 1514 sinat
809 1481 947 1514 tentari
973 1489 1087 1522 supra
1109 1480 1149 1512 id
1173 1480 1271 1520 quod
1294 1479 1458 1520 possim?
1482 1477 1580 1510 Satis
1604 1477 1698 1509 mihi

71 1535 252 1569 hactenus
277 1536 422 1578 negocij
448 1536 521 1568 fuit
544 1545 629 1568 cum
652 1535 824 1569 hostibus
848 1536 942 1569 meis
967 1534 1228 1577 spiritualibus
1252 1534 1354 1566 intus
1371 1534 1409 1566 et
1424 1533 1530 1571 foris,
1557 1533 1598 1565 ut
1625 1541 1699 1564 non

71 1591 186 1625 etiam
201 1591 326 1624 carnis
343 1590 410 1624 illa
425 1591 599 1632 petulans
616 1591 732 1624 libido
758 1600 867 1624 suum
890 1592 1059 1624 furorem
1083 1591 1122 1623 in
1146 1599 1206 1623 me
1231 1590 1439 1623 exerceret.
1466 1588 1574 1626 Quid,
1601 1587 1701 1628 quod

69 1656 135 1680 vos
165 1646 260 1679 mihi
295 1655 380 1679 cum
413 1647 550 1680 vestris
586 1646 701 1679 larvis
733 1648 772 1680 et
802 1646 976 1688 personis
1011 1645 1185 1679 vincendi
1224 1644 1352 1683 e1·atiS‚
1390 1643 1525 1684 quibus
1560 1642 1702 1684 alioqui

68 1702 304 1735 fascinantur
320 1702 463 1734 incauti
480 1703 518 1735 et
535 1701 747 1744 simplices?

111 1756 351 1799 Loverinyus.
379 1757 515 1799 Optem
539 1757 715 1798 equidem
738 1758 781 1790 ut
805 1755 958 1790 diabolo
982 1756 1056 1799 ipsi
1079 1755 1216 1789 fuisses
1239 1755 1410 1796 incubus,
1429 1763 1513 1787 cum
1536 1754 1699 1796 primum

67 1821 225 1846 uxorem
248 1813 350 1845 tuam
373 1813 514 1846 inieras
534 1822 541 1845 :
569 1815 696 1854 optem
721 1813 762 1845 ut
784 1812 843 1845 vel
869 1821 953 1845 cum
978 1812 1109 1845 decem
1123 1811 1266 1853 putidis
1285 1811 1418 1844 scortis
1443 1811 1522 1842 tum
1547 1809 1698 1850 quidem

66 1877 148 1901 rem
168 1867 377 1902 habuisses,
395 1877 480 1901 eum
496 1869 607 1900 uxori
624 1869 711 1901 tuae
734 1869 900 1910 primum
925 1867 1230 1911 congredereris,
1248 1867 1393 1899 tantum
1419 1865 1524 1898 nobis
1543 1864 1698 1898 exhibes

68 1923 315 1966 negociorum
333 1924 371 1957 et
386 1923 598 1957 molestiae.

119 1977 335 2012 Wordenas.
355 1979 452 2021 Phy,
470 1979 610 2021 pudeat
631 1980 668 2012 tc
693 1979 820 2012 tantae
838 1977 1098 2021 blasphemiae
1122 1978 1162 2011 in
1186 1977 1307 2011 Deum
1324 1977 1362 2010 et
1385 1976 1466 2009 eius
1483 1974 1698 2008 institutum

67 2033 278 2076 coniugale.
313 2033 419 2067 Tune
451 2035 509 2066 vir
540 2034 746 2072 consultus,
781 2035 950 2076 adeoque
979 2034 1147 2067 omnium
1173 2032 1489 2069 consiliariorum,
1518 2031 1630 2071 idque
1658 2030 1696 2062 in

66 2088 236 2123 Caesaris
264 2088 362 2126 aula,
379 2098 546 2131 praeses,
577 2090 640 2131 qui
672 2091 747 2122 tam
773 2089 948 2127 absurda,
978 2089 1055 2122 tam
1079 2088 1267 2121 obscoena
1290 2088 1328 2120 et
1351 2086 1468 2128 impia
1490 2086 1696 2128 personas?

67 2144 191 2178 Pudet
206 2144 386 2187 pigetque
402 2153 462 2178 me
480 2145 547 2182 tui,
566 2145 619 2178 ita
635 2154 694 2178 mc
712 2145 813 2178 Deus
831 2145 944 2178 amet.

108 2199 323 2233 Montanus.
349 2200 406 2233 Ne
429 2200 674 2234 incandescas
699 2201 909 2242 tantopere,
928 2199 980 2232 mi
1007 2199 1157 2233 domine
1180 2197 1366 2239 Joannes;
1385 2206 1460 2230 non
1477 2196 1577 2230 enim
1594 2196 1696 2229 recte

64 2253 249 2297 intelligis
273 2255 363 2296 quid
387 2255 487 2288 dicat
511 2255 684 2288 dominus
707 2265 876 2297 praeses.
894 2255 991 2288 Nam
1009 2255 1103 2289 haec
1126 2254 1207 2288 eius
1231 2262 1337 2286 mens
1359 2254 1418 2285 cst
1436 2262 1443 2284 :
1463 2252 1494 2285 si
1519 2251 1695 2284 cacodae-

65 2310 168 2343 moni
205 2310 459 2349 incubuisses,
500 2311 533 2343 si
571 2311 819 2344 scortationes
859 2311 1159 2351 frequentasses,
1201 2308 1349 2350 eulpam
1388 2309 1490 2340 tuam
1529 2306 1696 2339 studiose

64 2365 311 2404 submonitus,
339 2366 464 2398 statim
489 2366 720 2409 agnovisses.
745 2366 866 2399 Porro
891 2366 1057 2408 ingenue
1085 2364 1234 2406 culpam
1261 2363 1455 2396 confitenti
1481 2371 1589 2395 nemo
1615 2362 1696 2394 erat

66 2421 213 2454 veniam
238 2423 455 2464 negaturus.
481 2421 561 2454 Iam
584 2431 673 2454 vero
698 2421 933 2454 concubuisti
958 2421 1082 2459 uxori,
1109 2421 1147 2453 et
1170 2419 1430 2452 inconcessum
1456 2417 1605 2450 thorum
1627 2425 1694 2458 pro

66 2475 190 2520 gloria
217 2477 344 2509 ducis:
374 2478 520 2510 tantum
548 2477 666 2519 abest,
696 2478 737 2509 ut
764 2476 912 2518 culpam
938 2478 1041 2509 tuam
1068 2474 1226 2517 supplex
1256 2473 1485 2515 depreceris,
1516 2481 1630 2514 quare
1659 2473 1697 2504 et

65 2532 176 2565 venia
205 2531 383 2575 indignus
415 2541 466 2566 es.
498 2531 602 2565 Haec
634 2533 698 2565 tua
728 2532 952 2574 pertinacia,
982 2531 1055 2563 hoc
1083 2539 1148 2563 cor
1175 2529 1372 2572 poenitere
1401 2528 1568 2561 nescium
1598 2526 1695 2560 male

65 2585 180 2620 habet
196 2586 387 2620 dominum
403 2588 629 2629 praesidem.

118 2641 335 2676 Wordenas.
356 2641 394 2676 Si
411 2643 449 2675 id
467 2652 586 2686 genus
602 2643 753 2686 frigidis
771 2642 993 2676 commentis
1010 2641 1187 2684 poteritis
1205 2639 1325 2674 Deum
1342 2637 1504 2673 iudicem
1521 2637 1694 2677 illudere,

67 2705 141 2731 non
158 2697 255 2732 male
271 2697 427 2732 habebit
442 2707 556 2732 causa
570 2699 712 2741 vestra3
731 2699 797 2732 scd
814 2699 916 2732 Deus
934 2706 1008 2731 non
1026 2697 1220 2730 irridetur.

112 2917 159 2960 (1)
183 2919 230 2952 In
254 2918 424 2962 margine
442 2928 449 2952 :
476 2916 581 2952 Uxor
597 2918 636 2952 in
653 2919 926 2954 monasterium
945 2919 1100 2953 detrusa
1116 2927 1136 2950 a
1152 2916 1278 2950 mariti
1297 2925 1401 2950 nece.

1556 3012 1600 3046 29
