2096 3481
832 301 967 335 ANNO
995 300 1078 334 1525
1713 303 1776 335 360

140 425 311 456 nemen.
358 410 573 469 Eindelijk
608 412 821 455 vermeldt
864 413 946 455 Jan
993 412 1044 455 de
1088 412 1251 456 Gravia
1294 426 1381 468 nog
1424 412 1498 456 het
1542 412 1769 457 kettersch

139 481 325 538 gesprek
348 481 392 524 in
416 481 468 524 de
501 495 668 537 rangeri
691 481 769 524 der
790 481 921 537 gilde.
948 481 1021 539 (Al
1044 481 1096 524 de
1118 481 1446 538 getuigenissen
1471 486 1598 526 staan
1633 481 1674 524 in
1700 481 1776 524 het

140 550 471 594 Nederlandsch
496 550 822 606 opgeschreven
847 550 890 593 in
914 550 976 594 dit
999 551 1226 607 Latijnsch
1251 551 1394 606 stuk.)

183 644 292 676 Anno
311 643 460 676 Domini
478 649 541 676 xvss
558 653 644 683 xxv,
663 643 723 676 die
740 652 829 676 vcro
848 643 1018 683 Veneris,
1038 644 1198 686 septima
1214 644 1354 677 mensis
1370 642 1477 682 Julii,
1492 644 1722 676 reverendus
1740 643 1778 676 in

142 698 292 732 Christo
316 700 436 740 pater,
455 698 683 731 venerabilis
708 700 745 732 et
762 699 941 742 egregius
972 699 1145 732 dominus
1162 700 1344 742 magister
1369 699 1534 732 ‚lacobus
1563 699 1608 731 de
1638 699 1780 732 Hoech-

141 755 298 793 straten,
318 763 423 786 sacre
439 754 578 796 pagine
596 755 790 795 professor
807 755 845 787 et
868 754 1036 787 heretice
1060 755 1256 796 pravitatis
1269 763 1337 796 per
1353 754 1566 796 provincias
1581 753 1778 787 Colonien-

141 818 232 847 sem,
263 808 552 842 Treveriensem
581 810 619 842 et
644 809 975 852 Maguntinensem
1006 819 1027 842 a
1055 811 1184 842 sancta
1211 810 1300 842 sede
1329 808 1536 851 apostolic-a
1564 809 1781 850 specialiter

141 865 341 906 deputatus
366 864 580 905 inquisitor,
608 865 694 902 etc„
725 865 884 897 testibus
910 865 1082 906 proxime
1112 865 1364 906 infrascriptis
1392 874 1518 897 coram
1543 863 1779 908 r[everenda]

140 918 398 963 p[aternitate]
425 928 493 952 sua
522 920 733 952 successive
762 920 1080 961 comparentibus,
1111 920 1148 952 in
1177 921 1315 952 virtute
1344 921 1471 952 sancte
1501 919 1715 952 obedientie
1743 922 1781 952 et

141 975 209 1008 sub
238 975 640 1007 excommunicationis
669 974 744 1007 late
773 975 961 1008 sententie
994 985 1103 1017 pena,
1133 976 1356 1008 auctoritate
1375 974 1582 1016 apostolica
1606 973 1782 1017 p[aterni-

141 1028 243 1073 tatis]
261 1039 340 1069 sue,
360 1031 402 1062 ut
433 1030 609 1068 asseruit,
642 1031 853 1068 commissa,
881 1031 1052 1064 districte
1079 1031 1337 1072 precipiendo,
1364 1030 1567 1068 mandavit,
1600 1031 1641 1062 ut
1668 1040 1782 1072 super

140 1084 230 1124 illis,
250 1094 322 1126 que
340 1085 385 1118 ab
410 1085 502 1127 ipsis
531 1086 569 1118 et
597 1095 729 1118 eorum
758 1085 927 1126 quolibet
955 1095 1069 1127 super
1096 1087 1197 1118 fama
1221 1084 1417 1118 Wilhelmi
1443 1085 1620 1127 Cupificis
1649 1086 1691 1118 in
1721 1084 1782 1119 die

151 1139 332 1174 Viesleech
350 1141 507 1182 ejusque
533 1141 577 1173 de
595 1141 721 1174 heresi
740 1141 870 1174 Luteri
889 1141 1061 1174 doctrina
1077 1142 1115 1174 ct
1131 1141 1387 1182 publicatione
1402 1141 1638 1183 interrogari
1663 1141 1781 1173 conti-

141 1196 278 1239 gerint,
299 1196 468 1229 dicerent
493 1205 601 1237 quam
626 1197 768 1229 scirent
784 1197 995 1235 veritatem,
1015 1206 1057 1229 ac
1075 1197 1236 1238 desuper
1254 1195 1406 1228 solitum
1433 1196 1590 1229 dicende
1610 1196 1782 1229 veritatis

140 1252 357 1293 prestarent
371 1252 640 1293 juramentum.
661 1251 732 1289 Qui
750 1251 901 1292 quidem
919 1252 1035 1284 testes
1053 1252 1098 1284 (16
1116 1252 1292 1284 mandato
1317 1251 1436 1292 ipsius
1462 1251 1604 1283 domini
1622 1251 1780 1292 inquisi-

140 1307 247 1346 toris,
266 1307 376 1339 tactis
392 1315 461 1348 per
478 1316 542 1339 eos
561 1307 598 1339 et
621 1315 753 1340 eorum
776 1306 983 1347 quemlibet
1000 1307 1198 1348 scripturis
1222 1307 1486 1345 sacrosanctis,
1506 1307 1551 1338 ad
1569 1308 1699 1338 sancta
1712 1307 1782 1339 Dei

141 1362 339 1405 evangelia
367 1362 554 1404 jurarunt,
586 1371 628 1394 ac
657 1362 817 1403 quilibet
846 1371 978 1395 eorum
1005 1362 1217 1395 successive
1244 1362 1386 1403 juravit
1413 1363 1451 1394 et
1479 1362 1586 1400 dixit,
1617 1370 1656 1393 se
1684 1361 1782 1394 velle

141 1420 267 1452 dicere
287 1420 326 1452 et
339 1420 529 1461 deponere
547 1428 702 1458 meram,
723 1419 860 1451 nudam
885 1420 923 1452 et
947 1419 1133 1452 sinceram
1159 1419 1231 1451 sibi
1249 1419 1484 1451 constantem
1497 1419 1709 1457 veritatem,
1736 1419 1782 1451 de

141 1476 179 1509 et
195 1484 309 1517 super
337 1475 510 1507 omnibus
540 1476 577 1508 et
602 1474 776 1517 singulis,
807 1484 879 1515 que
902 1474 996 1516 ipsis
1024 1475 1256 1517 interrogari
1281 1474 1526 1516 contigerint,
1554 1475 1592 1506 et
1619 1473 1689 1506 hec
1707 1483 1781 1505 non

142 1531 333 1564 dimittere
350 1540 572 1572 quacunque
600 1540 642 1563 re
659 1530 802 1569 mundi,
819 1530 919 1571 quod
936 1530 989 1562 sic
1004 1539 1068 1563 eos
1082 1531 1120 1563 et
1136 1539 1267 1563 eorum
1281 1529 1489 1571 quemlibet
1502 1529 1621 1562 Deum
1634 1529 1785 1570 juvaret

141 1588 180 1620 et
203 1596 332 1619 omnes
350 1586 470 1619 sancti
488 1586 585 1627 ejus.
605 1586 687 1618 Hoc
704 1587 830 1619 autem
856 1586 1071 1627 juramento
1097 1586 1162 1625 sic,
1182 1586 1223 1618 ut
1245 1586 1450 1627 prefertur,
1469 1584 1642 1626 prestito,
1668 1584 1783 1617 iidem

142 1643 270 1680 testes,
297 1642 506 1676 successive
533 1642 738 1675 examinati
764 1642 801 1674 et
818 1641 1058 1684 interrogati,
1088 1641 1368 1683 responderunt
1390 1641 1428 1673 et
1447 1641 1716 1682 deposuerunt,
1743 1641 1785 1672 ut

142 1690 334 1740 sequitur:

184 1754 320 1787 Actum
357 1752 523 1795 Trajecti
560 1753 598 1785 in
628 1754 814 1786 conventu
841 1753 1123 1795 predicatorum
1154 1752 1308 1791 ibidem,
1342 1753 1513 1794 tempore
1546 1761 1618 1793 quo
1655 1760 1782 1793 supra,

138 1810 379 1853 presentibus
418 1809 558 1841 ibidem
597 1808 878 1841 venerabilibus
918 1810 956 1841 et
993 1808 1186 1851 religiosis
1233 1808 1407 1845 dominis,
1459 1807 1696 1840 Theoderico
1737 1807 1782 1840 de

141 1864 414 1903 Schoenhovia,
432 1864 574 1905 priore,
597 1864 798 1897 Francisco
825 1865 870 1897 de
888 1864 1051 1902 Beecka,
1070 1863 1226 1902 lectore,
1245 1873 1288 1896 ae
1303 1863 1508 1897 Judoco....
1531 1863 1779 1905 presbyteris,

138 1921 320 1955 fratribus
339 1920 428 1952 dicti
446 1920 666 1958 conventus,
693 1920 852 1952 testibus
877 1920 922 1952 ad
939 1920 1125 1961 premissa
1148 1920 1290 1952 vocatis
1308 1920 1420 1960 atque
1437 1919 1595 1961 rogatis.

721 2020 906 2064 Depositio
926 2021 1048 2064 primi
1072 2021 1182 2054 testis.

182 2097 399 2134 Gherardus
425 2098 532 2141 Feyt,
563 2107 659 2131 unus
688 2107 733 2131 ex
762 2098 987 2140 primatibus
1016 2098 1180 2131 civitatis
1214 2097 1482 2140 Trajectensis,
1510 2106 1579 2139 pro
1608 2097 1779 2138 tempore

137 2156 204 2190 LX
222 2164 406 2188 annorum
438 2155 549 2187 etatis
583 2163 649 2187 sue
678 2153 735 2186 vel
767 2154 931 2192 circiter,
957 2153 1163 2196 diligenter
1190 2154 1426 2186 examinatus
1451 2155 1489 2186 et
1505 2153 1776 2195 interrogatus,

138 2212 262 2244 medio
281 2220 347 2243 suo
365 2211 524 2252 prestito
538 2210 765 2251 juramento,
785 2209 982 2251 respondit
998 2209 1037 2241 in
1054 2209 1204 2252 vulgari
1223 2218 1231 2241 ε

183 2267 245 2299 dat
270 2265 427 2301 VVillem
446 2266 506 2298 die
535 2266 658 2307 Cuper
686 2274 755 2298 een
781 2267 893 2306 quaet
910 2264 1071 2307 gerucht
1088 2265 1183 2298 ende
1211 2266 1310 2298 faem
1338 2264 1442 2298 heeft
1469 2264 1557 2297 inde
1581 2264 1681 2296 stadt
1707 2273 1777 2296 van

139 2321 299 2355 Utrecht
326 2331 397 2354 van
426 2321 561 2354 Luters
597 2320 759 2364 kettery,
789 2320 995 2363 seggende,
1030 2321 1093 2352 dat
1117 2321 1270 2353 daerom
1303 2321 1362 2352 die
1390 2320 1489 2353 Raet
1519 2328 1590 2352 van
1620 2319 1779 2352 Utrecht

139 2376 342 2410 denselven
361 2377 484 2418 Cuper
501 2385 571 2409 van
597 2385 716 2418 synen
736 2376 860 2408 dienst
876 2376 998 2408 setten
1016 2375 1092 2414 wil,
1113 2376 1173 2408 die
1191 2375 1278 2408 hem
1296 2375 1480 2408 nochtans
1504 2375 1647 2408 metten
1665 2375 1778 2407 stadt-

138 2432 243 2476 segel
261 2431 451 2474 versegelt
468 2432 518 2472 is3
538 2432 634 2464 ende
652 2431 757 2464 heeft
775 2432 835 2464 die
859 2431 958 2464 Raet
975 2431 1129 2464 daertoc
1147 2431 1330 2473 gescickt‚
1350 2440 1411 2463 om
1428 2439 1498 2464 een
1524 2430 1640 2463 ander
1664 2430 1777 2463 inden

139 2489 263 2521 dienst
279 2490 315 2520 te
334 2487 488 2528 stellen3
516 2487 611 2520 ende
629 2488 713 2529 seyt
731 2486 817 2518 oick
847 2487 935 2519 dese
961 2486 1087 2528 tuych,
1118 2487 1181 2519 dat
1209 2487 1269 2519 die
1286 2487 1406 2528 Cuper
1423 2486 1588 2519 voerseit
1611 2495 1670 2518 om
1689 2485 1777 2518 dese

138 2543 289 2585 kettery
307 2545 371 2576 vut
388 2552 456 2585 syn
485 2542 583 2585 ghilt
611 2543 720 2584 geset
747 2542 791 2581 is,
818 2542 914 2575 ende
939 2542 1002 2574 dat
1030 2542 1090 2575 die
1115 2541 1428 2584 ghildebroeders
1451 2542 1529 2574 met
1543 2540 1629 2574 hem
1652 2540 1776 2584 gheen

139 2599 235 2632 doen
261 2599 408 2632 hebben
434 2597 574 2631 willen.

182 2654 230 2687 Et
247 2664 331 2687 cum
349 2654 470 2686 dictus
488 2653 646 2695 loquens
672 2654 779 2687 testis
797 2653 910 2686 latius
936 2662 1050 2695 super
1072 2653 1319 2696 interrogatis
1336 2662 1376 2686 se
1401 2653 1581 2695 expedire
1600 2652 1775 2692 nesciret,

138 2709 354 2743 licentiatus
383 2709 487 2748 abiit,
506 2709 676 2751 injuncto
701 2710 772 2742 sibi
802 2709 952 2742 silentio
979 2709 1024 2742 de
1048 2719 1123 2742 non
1150 2709 1354 2743 revelando
1378 2708 1595 2751 hujusmodi
1625 2709 1724 2742 dicta
1740 2709 1778 2742 et

139 2766 388 2808 interrogata,
408 2766 478 2798 etc.

717 2821 898 2865 Depo-sitio
922 2819 1080 2855 secunde
1103 2822 1216 2856 testis-

182 2898 427 2943 Margaretha
451 2898 557 2943 Feyt,
576 2907 673 2933 uxor
691 2900 798 2933 testis
815 2899 1070 2942 precedentis,
1097 2908 1282 2933 annorum
1299 2900 1411 2933 etatis
1429 2908 1508 2938 sue,
1538 2899 1580 2932 ut
1603 2899 1776 2938 asseruit,

137 2956 413 2998 quinquaginta
437 2957 475 2989 et
502 2955 613 2995 ultra,
633 2956 758 2989 medio
786 2965 853 2988 suo
882 2956 1042 2997 prestito
1059 2956 1286 2998 Juramento,
1313 2956 1509 2998 respondit
1534 2956 1645 2997 atque
1668 2955 1775 2995 dixit,

137 3011 374 3054 interrogata
390 3012 427 3045 et
444 3011 669 3051 examinata,
695 3011 731 3044 in
758 3011 930 3054 vulgari:

1637 3111 1678 3145 24
