2096 3481
885 285 1023 319 ANNO
1043 286 1127 319 1525
1760 285 1824 318 413

233 393 375 429 Buclzo.
410 394 461 428 Ut
490 403 572 428 rem
604 393 812 437 intelligas,
844 395 896 427 mi
927 395 1095 429 ‚Ioannes
1130 404 1139 428 ε
1172 394 1233 428 1110
1266 395 1373 429 adest
1405 395 1511 429 nobis
1545 395 1827 429 commissarius

188 450 411 493 imperialis,
429 451 472 483 ut
487 451 576 483 tuae
594 459 730 483 causae
748 449 797 482 sit
813 449 941 484 iudex.

232 507 445 541 Montanus.
465 505 523 540 En
540 505 818 538 commissionis
835 515 942 539 meae
959 506 1107 540 tabulas
1122 506 1183 548 (l).

230 560 493 596 Enchusanzcs.
509 561 679 603 Legatur
697 560 894 600 articulus,
913 562 976 602 qui
994 571 1178 595 summam
1196 561 1311 595 habet
1326 562 1506 595 mandati.

237 616 455 650 Wordenas.
481 616 610 650 Facile
627 616 740 649 credo
759 616 804 649 ab
822 617 1053 658 imperatore
1068 617 1142 650 huc
1159 618 1315 651 missum
1333 627 1430 651 esse.

227 670 489 706 Enchusanus.
509 672 608 705 Satis
627 673 697 709 est,
715 672 906 705 consentit
924 673 962 704 in
981 673 1157 706 iudicem.
1178 673 1385 706 Scribatur.

227 727 442 761 Montanus.
463 726 561 765 Quid
578 727 697 770 igitur
715 727 761 760 ad
779 728 881 760 tuam
898 727 994 760 hanc
1010 729 1313 761 confessionem?

233 784 451 818 Wordenas.
486 783 560 817 Ubi
600 783 688 817 fidei
727 793 834 817 meae
874 784 1190 817 contestationem
1225 785 1378 822 dedere,
1417 785 1495 818 tum
1535 785 1697 818 audietis
1734 785 1823 826 quid

180 849 433 882 responsurus
451 840 533 872 sim.

226 893 518 929 Duvenvorthus.
537 895 671 928 Redde
688 894 839 928 tandem
857 896 1173 937 protestationem
1190 897 1305 929 tuam.

231 950 450 985 Wordenas.
482 951 564 993 Ego
593 950 763 984 Joannes
792 960 813 983 a
837 950 1005 984 Worden
1035 953 1228 993 protestor
1251 960 1379 984 coram
1408 951 1526 984 vobis.
1555 950 1652 989 Quid
1681 960 1821 992 quaeso

179 1007 249 1047 est,
269 1007 369 1048 quod
385 1008 461 1039 tam
478 1006 645 1048 fingitis,
674 1015 694 1039 o
719 1005 929 1047 praeclari?
953 1007 1043 1047 quid
1060 1016 1175 1048 porro
1194 1016 1285 1039 naso
1310 1016 1370 1039 me
1393 1007 1650 1048 suspenditis?
1675 1006 1821 1039 Siccine

178 1062 428 1096 conveniebat
455 1061 618 1095 illudere
645 1062 792 1104 captivo
821 1071 890 1103 pro
920 1071 1034 1094 causa
1062 1072 1129 1095 sua
1156 1062 1325 1095 dicturo?
1354 1072 1374 1094 o
1401 1062 1663 1095 Pharisaicum
1692 1071 1822 1103 super-

177 1117 319 1150 cilium.

220 1171 361 1206 Bucho.
389 1173 549 1205 Domine
574 1172 758 1214 Joannes,
784 1172 958 1215 magistri
986 1173 1107 1205 nostri
1133 1182 1206 1205 non
1232 1161 1395 1207 irrident
1420 1174 1456 1206 te
1477 1183 1484 1205 :
1511 1173 1577 1206 scd
1602 1172 1673 1205 1100
1698 1172 1820 1205 solum

175 1229 364 1266 renident,
399 1229 499 1269 quod
530 1229 599 1261 tibi
631 1228 771 1261 videris
802 1229 1119 1270 protestationem
1152 1230 1255 1261 tuam
1294 1228 1453 1270 pulchre
1486 1229 1710 1262 instituisse.
1745 1228 1820 1261 Sed

174 1293 293 1326 perge
312 1283 458 1316 amabo.

230 1339 448 1373 Wordenas.
482 1339 563 1382 Ego
602 1339 772 1373 Joannes
808 1339 1022 1372 Wordenas
1057 1340 1250 1381 protestor
1288 1348 1416 1372 coram
1452 1339 1571 1377 vobis,
1608 1339 1708 1381 quod
1743 1348 1818 1372 non

175 1394 332 1427 intendo
351 1394 552 1435 quicquam
571 1395 744 1427 definire.

217 1447 540 1491 Enchusanusoe).
570 1450 641 1487 Ah,
670 1449 730 1487 ah,
761 1449 821 1488 he,
851 1449 950 1482 bone
979 1450 1170 1483 definitor.
1199 1449 1290 1488 Quis
1320 1451 1356 1483 10
1385 1450 1625 1484 definitorem
1649 1451 1817 1492 patietur

173 1504 211 1537 in
229 1514 271 1538 re
289 1504 528 1548 theologica?
546 1504 574 1538 O
592 1506 950 1547 praesumptuosum
965 1505 1172 1539 hominem.

226 1559 443 1594 Wordenas.
464 1560 502 1594 Si
519 1561 572 1593 sic
589 1560 723 1593 libebit
738 1559 922 1593 insultare
939 1561 1046 1603 mihi,
1064 1562 1221 1595 verbum
1239 1571 1313 1594 non
1333 1561 1494 1604 amplius
1512 1561 1659 1594 addam.

217 1615 511 1650 Duvenvorthus.
531 1617 771 1656 Prosequere
789 1615 888 1656 quod
906 1616 1120 1649 instituisti.

224 1671 443 1706 Wordenas.
459 1672 541 1715 Ego
554 1672 722 1706 Joannes
735 1672 951 1705 Wordenas
967 1673 1160 1714 protestor
1174 1682 1301 1706 coram
1315 1673 1434 1711 vobis,
1450 1673 1550 1715 quod
1568 1683 1641 1706 non
1656 1673 1813 1707 intendo

171 1727 372 1769 quicquam
400 1728 559 1762 definire
591 1730 656 1762 aut
684 1730 945 1762 asseveranter
978 1729 1117 1770 dicere,
1153 1730 1253 1771 quod
1281 1730 1398 1763 sacris
1423 1730 1545 1763 literis
1571 1739 1646 1762 non
1675 1730 1724 1763 sit
1752 1738 1815 1763 ex-

196 1790 356 1815 ressum.

170 1791 193 1824 p
213 1836 471 1872 Encausanus.
499 1837 616 1872 Sistas
641 1838 703 1871 hic
726 1837 922 1880 paululum
942 1848 949 1871 ε
970 1839 1017 1871 da
1032 1838 1127 1871 mihi
1145 1840 1209 1872 tua
1231 1839 1368 1872 Biblia.
1387 1838 1505 1878 Quid2
1530 1848 1577 1872 an
1602 1838 1693 1872 solis
1718 1848 1810 1881 ergo

169 1892 388 1936 Scripturis,
407 1904 482 1927 non
500 1894 614 1927 etiam
640 1894 818 1927 Patribus
843 1895 900 1927 est
925 1893 1139 1928 adhibenda
1164 1895 1278 1928 fides?
1293 1895 1410 1936 Atqui
1425 1895 1519 1928 Acta
1537 1894 1747 1936 apostolica
1763 1895 1811 1936 (3)

167 1948 207 1982 id
238 1949 340 1983 clare
371 1951 595 1989 memorant,
628 1949 789 1982 Paulum
820 1950 1060 1992 praecepisse
1095 1950 1250 1993 populo,
1284 1953 1325 1983 ut
1360 1950 1569 1984 custodiret
1607 1951 1813 1992 praecepta

166 2004 438 2047 Apostolorum
455 2007 492 2039 et
509 2005 714 2038 seniorum.

221 2060 439 2095 Wordenas.
457 2061 577 2094 Recte
594 2061 633 2093 id
650 2061 803 2102 quidem
827 2060 1049 2103 Apostolus;
1070 2062 1179 2095 erant
1194 2062 1295 2094 enim
1321 2060 1538 2104 Scripturae
1555 2062 1812 2095 consentanea

165 2115 234 2150 illa
248 2117 332 2158 ipsa
348 2117 541 2150 seniorum
557 2117 748 2150 mandata.

211 2172 485 2207 Rosemundus.
511 2172 627 2214 Atqui
652 2173 705 2205 sic
732 2172 911 2213 inquiunt
934 2172 1108 2214 Apostoli
1135 2173 1175 2205 in
1203 2173 1338 2206 eodem
1365 2173 1488 2215 capite
1516 2182 1523 2206 :
1552 2187 1567 2200 u
1593 2173 1724 2206 Visum
1753 2175 1812 2207 est

167 2227 327 2270 Spiritui
344 2229 487 2267 sancto,
503 2230 541 2262 et
558 2228 678 2267 nobis,
694 2229 736 2260 ut
753 2228 974 2269 temperetis
993 2237 1014 2260 a
1030 2228 1212 2261 suffocato
1227 2229 1265 2261 et
1281 2229 1479 2272 sanguine.
1496 2244 1512 2258 n
1527 2229 1636 2262 Unde
1649 2230 1809 2269 constat,

165 2283 369 2325 Apostolos
393 2294 478 2317 cum
501 2285 673 2326 ipsorum
695 2283 956 2316 sucessoribus
981 2282 1123 2325 aliquid
1147 2284 1388 2326 praecepisse
1413 2286 1522 2318 extra
1546 2284 1779 2327 Scripturam
1800 2294 1808 2318 ε

167 2339 298 2372 dicunt
314 2340 415 2373 enim
431 2349 438 2372 :
457 2353 472 2366 u
486 2339 617 2372 Visum
635 2340 693 2373 est
709 2339 867 2381 Spiritui
882 2339 1012 2372 sancto
1029 2340 1067 2372 et
1083 2339 1206 2373 nobis.
1224 2354 1240 2369 n
1257 2339 1354 2378 Quid
1371 2340 1465 2373 dicis
1483 2340 1529 2373 ad
1542 2339 1640 2373 hanc
1652 2349 1783 2374 vocem
1799 2350 1806 2373 :

167 2409 183 2423 u
201 2395 251 2428 Et
266 2395 399 2428 nobis‘.2
417 2410 433 2424 n

218 2449 436 2485 Wordenas.
469 2450 622 2492 Absque
655 2450 939 2492 Scripturarum
973 2449 1204 2484 authoritate
1242 2451 1334 2484 nihil
1370 2452 1422 2484 ibi
1454 2452 1637 2486 tentatum
1669 2453 1726 2486 est
1761 2452 1806 2485 ab

163 2505 369 2549 Apostolis.
395 2507 579 2540 Vetuerat
603 2507 705 2540 enim
729 2506 807 2539 Lex
825 2506 873 2547 (4)
900 2515 947 2539 ne
971 2506 1213 2539 morticinum
1243 2507 1511 2550 contingerent
1538 2507 1682 2547 Iudaei,
1713 2516 1806 2541 neve

164 2563 388 2605 sanguinem
413 2562 584 2604 ederent,
611 2563 675 2603 qui
701 2563 802 2595 05501
829 2571 899 2603 pro
929 2562 1055 2595 anima
1078 2563 1264 2596 mactatae
1289 2562 1451 2596 hostiae.
1478 2563 1573 2596 Tum
1598 2565 1806 2596 conventus

163 2617 229 2651 ille
245 2617 487 2660 Apostolicus
509 2618 729 2652 revincebat
747 2627 793 2651 ex
810 2616 1083 2659 prophetarum
1108 2617 1284 2657 oraculis,
1311 2620 1445 2661 gentes
1470 2627 1585 2660 porro
1611 2619 1657 2652 ad
1682 2618 1806 2652 Chris-

207 2823 254 2866 (1)
278 2822 326 2858 In
349 2825 523 2868 maryine
541 2834 548 2857 :
567 2824 720 2858 Literae
737 2824 776 2857 in
794 2825 1033 2864 Damascum,
1054 2824 1184 2866 quales
1203 2822 1337 2861 Paulo,
1364 2824 1473 2858 datae
1498 2823 1800 2865 inquisitoribus.

207 2879 254 2921 (2)
344 2877 450 2913 Idem
543 2890 550 2912 :
570 2880 805 2913 Protestatio
824 2880 937 2914 tert-io
955 2880 1185 2922 interrupta.

206 2934 254 2975 (3)
344 2933 451 2969 Idem
543 2945 550 2967 :
569 2936 763 2973 Actorum,
784 2935 838 2968 15.

207 2989 254 3031 (4)
345 2990 452 3024 Idem
543 3001 551 3023 τ
571 2991 740 3029 Genesis,
758 2991 791 3023 9.
