2096 3481
337 317 399 350 444
1028 316 1164 350 ANNO
1191 315 1273 348 1525

381 423 617 467 Lovcrinqus.
638 423 692 456 Tu
711 424 861 464 quidem
878 424 942 456 aut
969 424 1174 462 revocabis,
1197 425 1261 458 aut
1276 426 1317 458 ut
1332 425 1506 467 pertinax
1530 425 1743 458 haereticus
1767 425 1949 459 exureris.

383 478 597 511 ῐῐόνιίοηαε.
633 478 780 511 Dudum
812 478 985 520 equidem
1017 479 1196 513 obsurdui
1226 481 1272 513 ad
1303 480 1373 513 hoc
1405 489 1525 523 genus
1559 480 1678 512 minas
1714 480 1825 512 toties
1857 479 1952 512 mihi

331 535 544 567 intentatas.

383 588 608 631 Loverz’nqus
626 588 686 629 (1).
715 588 765 621 Ut
790 597 836 621 ne
861 597 955 621 vana
981 589 1090 630 putes
1115 598 1210 630 quae
1235 590 1329 628 dico,
1356 590 1426 622 hoc
1454 599 1525 632 ego
1553 589 1621 622 tibi
1647 598 1715 631 per
1742 589 1954 630 equestrem

334 652 455 676 meam
469 643 691 685 dignitatem
711 643 852 680 deiero,
868 651 950 676 cras
966 645 1000 675 tc
1019 644 1242 676 moriturum
1258 654 1265 676 :
1282 653 1402 685 neque
1421 645 1520 678 enim
1538 644 1688 677 differes
1705 653 1778 676 non
1795 643 1954 686 amplius

336 699 528 740 praefacta
545 699 608 730 tua
623 698 782 730 cervice.

386 750 603 785 Wordenas.
623 752 798 785 Nundum
816 752 924 784 video
942 754 1169 794 comportari
1187 753 1291 796 ligna
1306 763 1313 786 ε
1330 754 1418 795 quin
1435 753 1555 795 piram
1572 753 1770 795 instruitis,
1789 753 1834 786 ad
1850 752 1956 786 cuius

335 807 565 840 mentionem
583 806 674 839 milii
691 806 801 847 plane
818 807 934 849 gestit
951 808 1115 840 animus?

378 861 619 903 Loverz’nyus.
639 861 762 894 Etiam
780 860 908 893 illudis
925 871 1005 899 nos,
1025 861 1185 894 nebulo?

386 915 602 949 lVordenas.
623 916 706 948 Non
724 915 855 953 illudo,
874 916 939 948 sed
956 916 1087 949 inanes
1104 918 1247 949 vestras
1263 917 1383 950 minas
1399 917 1519 950 rideo.

384 971 620 1014 Loverz'nqus.
641 971 697 1003 An
716 971 825 1012 putas
841 971 1113 1012 Imperatorem
1138 980 1179 1005 re
1205 972 1297 1005 adeo
1323 973 1427 1005 tenui
1451 981 1546 1009 esse,
1572 971 1613 1004 ut
1638 980 1711 1004 non
1736 971 1872 1004 habeat
1895 971 1960 1012 qui

337 1025 405 1058 tibi
421 1034 554 1068 rogum
572 1026 757 1058 instruat?

386 1079 601 1113 Wordenas.
631 1080 868 1121 Neutiquam,
897 1090 917 1113 o
945 1081 1139 1122 praeclare
1168 1091 1175 1113 :
1211 1081 1299 1122 quin
1328 1081 1398 1114 hoc
1425 1082 1588 1114 vicinum
1617 1081 1833 1122 quercetum
1855 1079 1960 1124 ligna

337 1135 445 1168 nobis
463 1136 602 1167 affatim
620 1136 917 1177 suppeditaverit
940 1136 997 1168 bis
1021 1136 1125 1169 mille
1146 1137 1289 1169 ordinis
1306 1138 1379 1169 mei
1397 1136 1614 1169 hominibus
1632 1136 1845 1175 exurendiS‚
1864 1135 1896 1168 si
1912 1135 1961 1168 sit

335 1199 440 1231 opus.
477 1190 581 1222 Nihil
617 1191 655 1222 in
693 1190 864 1224 Caesaris
898 1191 1108 1232 Augustam
1142 1191 1365 1233 dignitatem
1392 1192 1501 1224 iacio.
1536 1191 1736 1224 Caeterum
1766 1199 1831 1222 vos
1865 1189 1960 1222 nihil

334 1245 514 1277 sathanae
540 1245 693 1286 quidam
718 1246 808 1277 estis
828 1255 835 1277 :
855 1255 920 1277 vos
944 1245 1036 1277 mihi
1061 1246 1181 1287 ignes,
1208 1245 1324 1288 ligna,
1348 1246 1475 1288 palum
1506 1247 1617 1278 toties
1641 1245 1895 1287 ingeminatis,
1920 1246 1962 1277 ut

335 1299 429 1332 nihil
453 1300 558 1341 prius
586 1300 719 1332 ducam
749 1299 842 1332 mihi
866 1300 1094 1339 faciundum,
1121 1310 1230 1341 quam
1259 1302 1301 1333 ut
1328 1311 1391 1333 vos
1422 1300 1481 1333 vel
1505 1300 1777 1333 contemnendo
1801 1300 1959 1332 vincam.

336 1355 431 1388 Nam
455 1355 555 1396 quod
578 1364 643 1387 vos
667 1355 828 1396 speratis
853 1355 951 1392 fore,
972 1356 1012 1388 ut
1028 1357 1237 1388 confessam
1262 1356 1459 1388 veritatem
1482 1356 1692 1388 revocando
1718 1354 1898 1393 abiurem‚
1922 1354 1962 1386 id

335 1409 429 1442 nihil
447 1411 516 1451 est,
535 1410 607 1442 nisi
625 1418 684 1442 me
702 1410 802 1442 Deus
819 1410 962 1442 virtute
981 1419 1047 1442 sua
1063 1411 1175 1451 (quod
1193 1420 1266 1442 non
1285 1411 1410 1449 saciet,
1431 1414 1554 1452 spero)
1572 1409 1796 1442 destituerit.

380 1464 621 1508 Loverinyus.
642 1464 797 1502 Quando
821 1465 874 1497 ita
900 1465 1064 1497 animum
1083 1465 1266 1498 induxisti
1285 1466 1402 1504 tuum,
1421 1465 1459 1497 id
1477 1465 1568 1498 adeo
1587 1465 1693 1498 edico
1711 1464 1791 1503 tibi,
1805 1464 1845 1496 in
1861 1463 1960 1496 diem

335 1520 539 1552 crastinum
556 1520 807 1552 certissimam
825 1520 894 1552 tibi
910 1521 1070 1552 mortem
1088 1520 1310 1552 destinatam
1327 1529 1422 1553 esse.

387 1574 605 1607 Wordenas.
621 1574 716 1616 Age,
731 1574 918 1606 inferatur
931 1574 994 1606 diu
1012 1584 1054 1606 ac
1071 1574 1229 1607 multum
1244 1575 1336 1606 mihi
1353 1575 1540 1607 intentata
1555 1583 1669 1614 mors,
1685 1574 1795 1614 atque
1811 1572 1961 1605 utimini

337 1630 523 1670 potestate
549 1638 570 1661 a
593 1629 740 1670 superis
768 1629 872 1661 vobis
900 1638 1076 1661 concessa
1094 1629 1154 1671 (2).
1181 1630 1262 1671 Ego
1290 1628 1440 1662 interim
1467 1629 1629 1672 gratiam
1656 1628 1852 1661 habiturus
1879 1636 1960 1660 sum

338 1683 417 1716 Deo
435 1692 545 1725 quam
562 1693 715 1724 possum
733 1684 945 1722 maximam,
966 1684 1064 1724 quod
1081 1693 1140 1717 me
1157 1684 1244 1716 huic
1262 1685 1337 1717 diei
1354 1684 1571 1717 servaverit.

384 1738 619 1781 Loverinyus.
647 1739 749 1775 Cras,
776 1739 939 1779 inquam,
966 1739 1153 1779 morieris,
1180 1748 1301 1780 neque
1327 1739 1491 1771 sinemus
1511 1739 1547 1771 te
1571 1738 1699 1780 plures
1722 1736 1961 1779 supervivere

339 1793 430 1831 dies,
450 1803 578 1834 quare,
594 1794 649 1826 uti
665 1794 848 1826 iudicabis
866 1803 886 1826 c
903 1793 1023 1826 salute
1041 1794 1106 1826 tua
1122 1803 1216 1832 esse,
1231 1795 1291 1826 fac
1308 1795 1344 1826 te
1362 1803 1472 1835 pares
1490 1795 1658 1826 extremo
1676 1792 1872 1834 supplicio.

387 1847 605 1882 Wordenas.
633 1848 729 1881 Ecce
753 1857 826 1886 me,
853 1849 915 1889 qui
940 1849 978 1881 in
1010 1857 1119 1881 omne
1146 1849 1266 1881 fatum
1293 1850 1446 1890 paratus
1476 1858 1557 1881 sum
1584 1858 1591 1880 :
1617 1857 1692 1881 una
1718 1847 1841 1880 brevis
1868 1846 1963 1880 hora

339 1903 494 1936 multam
513 1904 677 1944 quietem
695 1903 798 1936 dabit
815 1902 874 1945 (3).

382 1957 623 2002 Loverinyus.
643 1958 769 1991 Nolim
787 1967 915 2000 speres
933 1959 1009 1990 tam
1026 1959 1328 1991 momentaneum
1346 1959 1414 1991 tibi
1431 1960 1535 1990 tuum
1553 1958 1776 2000 supplicium
1791 1957 1886 1989 fore.

389 2012 605 2046 WVordenas.
626 2012 766 2046 Saltem
785 2013 886 2045 intra
899 2013 1134 2045 dimidiatum
1152 2014 1251 2046 diem
1268 2014 1438 2055 tyrannis
1455 2015 1579 2046 vestra
1596 2012 1727 2045 satiari
1743 2010 1895 2054 poterit.

383 2067 622 2110 Louerinyus.
640 2068 749 2101 Ilicet
766 2069 889 2100 actum
906 2069 985 2100 est:
1005 2068 1044 2100 in
1060 2068 1158 2101 viam
1176 2069 1347 2101 recovari
1364 2078 1437 2101 non
1455 2069 1591 2110 potest.

380 2122 592 2156 Montanus.
611 2123 696 2165 Ipse
715 2124 772 2156 est
788 2124 888 2155 totus
905 2123 1092 2164 pertinax.

382 2177 651 2211 Rosemundus.
680 2179 757 2210 Nos
785 2179 887 2211 certe
915 2177 1034 2210 multa
1061 2177 1263 2211 clementia
1292 2178 1331 2210 in
1358 2178 1466 2211 illum
1493 2179 1551 2210 usi
1579 2186 1732 2210 sumus:
1761 2176 1826 2209 sed
1850 2176 1962 2209 surdo

338 2242 488 2274 semper
504 2233 722 2266 cecinimus.

382 2287 625 2331 Louerinqus.
660 2288 716 2320 En
749 2288 817 2320 tibi
853 2288 951 2320 diem
988 2297 1205 2329 supremum
1241 2288 1425 2321 denuncio
1457 2288 1666 2326 imminere,
1700 2285 1966 2320 haeresiarcha

337 2343 512 2384 pessime,
543 2352 614 2383 quo
645 2343 780 2375 merito
812 2342 980 2384 plectare
1013 2342 1210 2384 supplicio.
1244 2343 1338 2385 Age,
1369 2352 1451 2386 age,
1485 2342 1610 2385 delige
1637 2342 1706 2375 tibi
1737 2341 1962 2383 quempiam,

340 2398 438 2439 apud
455 2407 565 2438 quem
583 2396 727 2430 scelera
743 2401 807 2430 tua
824 2397 1002 2439 deponas.

393 2451 608 2485 Wordenas.
627 2452 711 2484 Non
728 2453 837 2494 cupio
856 2452 917 2485 hic
934 2452 1027 2485 mihi
1046 2452 1232 2485 delectum
1250 2453 1404 2486 deferri.

384 2507 623 2549 Louerinqus.
642 2507 740 2540 Num
757 2507 876 2549 igitur
891 2516 1043 2540 recusas
1061 2509 1100 2541 et
1116 2508 1314 2541 confiteri?

394 2560 608 2595 iVordenas.
643 2561 954 2603 Haudquaquam,
984 2572 1004 2595 ο
1034 2563 1144 2595 bone.
1176 2562 1214 2596 Si
1243 2563 1343 2595 enim
1369 2563 1616 2596 confiteamur
1642 2562 1796 2604 peccata
1822 2563 1960 2599 nostra,

343 2616 465 2650 fidelis
482 2619 538 2649 est
557 2617 669 2654 Deus,
690 2617 752 2657 qui
770 2617 944 2658 promisit
961 2617 1067 2650 nobis
1085 2617 1285 2650 criminum
1302 2618 1626 2651 condonationem.

385 2672 611 2713 Loverinyus
626 2671 685 2713 (4).
707 2671 914 2709 Quemnam
932 2673 1037 2714 cupis
1054 2681 1145 2715 ergo
1165 2682 1186 2705 a
1203 2673 1503 2706 confessionibus
1522 2672 1590 2705 tibi
1607 2670 1861 2713 adhiberi2ss)

385 2832 433 2871 (l)
457 2829 502 2863 In
525 2831 696 2874 maryine
719 2840 726 2863 :
745 2830 955 2873 Religiose.

386 2885 433 2925 (2)
523 2884 626 2918 Idem
717 2895 724 2917 :
744 2885 823 2918 Imo
841 2886 879 2918 in
897 2886 1072 2926 quartum
1090 2895 1206 2927 usque
1225 2886 1323 2919 diem
1341 2886 1497 2919 dilatum
1514 2885 1571 2918 est
1586 2884 1823 2927 supplicium.

386 2939 433 2979 (3)
523 2938 624 2972 Idem
716 2949 723 2972 :
744 2940 1048 2981 Desperabundis
1065 2940 1208 2973 similes
1225 2941 1384 2974 invicem
1402 2949 1484 2974 sese
1501 2941 1694 2982 aspectant
1709 2938 1910 2980 sophistae.

387 2994 434 3035 (4)
524 2995 628 3028 Idem
719 3004 726 3028 :
746 2995 797 3028 Ut
813 2995 959 3029 tentant
973 2996 1096 3029 virum
1111 2997 1261 3034 fortem,
1281 2996 1460 3039 numquid
1477 2995 1670 3030 affectibus
1687 2993 1845 3027 laboret.
