2096 3481
332 294 396 327 2276
1016 287 1152 322 ANNO
1180 288 1262 321 1524

330 417 410 446 aan
449 403 531 444 alle
565 399 818 457 geestelijke
851 397 1220 442 ambtbekleeders
1260 398 1350 442 hun
1388 397 1577 455 bijstand
1615 401 1657 441 te
1696 399 1953 446 verleenen.

331 469 736 526 Wederspannigen
757 468 937 511 worden
960 467 1003 510 in
1026 467 1107 511 den
1128 466 1210 510 ban
1235 467 1459 523 geslagen.
1483 491 1540 498 —
1560 468 1617 510 De
1639 467 1841 511 echtheid
1863 482 1949 511 van

328 541 458 582 dezen
483 551 651 594 openen
672 536 786 580 brief
813 536 1064 593 bevestigen
1104 540 1215 579 twee
1254 534 1459 578 Duitsche
1503 536 1810 593 geestelijken,
1847 536 1953 580 door

329 609 410 651 den
444 606 679 651 Kardinaal
710 606 775 649 als
798 605 1004 662 getuigen
1036 604 1307 661 aangesteld‚
1334 603 1523 647 alsmede
1546 618 1624 648 een
1650 604 1863 662 pauseliJk
1899 619 1954 648 en

330 676 555 733 keizerlijk
588 675 770 719 notaris,

378 773 570 807 Universis
595 774 633 807 et
656 772 815 816 singulis
832 775 1050 815 praesentes
1067 773 1212 808 litteras
1236 774 1475 817 inspecturis,
1494 774 1649 808 lecturis
1666 783 1732 808 seu
1755 773 1832 817 legi
1856 773 1956 807 audi-

329 830 423 862 turis
452 829 688 867 Laurentius,
718 829 960 862 miseratione
988 829 1114 862 divina
1137 830 1396 863 sacrosanctae
1423 830 1616 863 Romanae
1645 829 1826 863 ccclesiae
1853 828 1954 862 tituli

327 884 475 916 sanetae
489 883 708 916 Anastasiae
722 883 910 924 presbiter
926 882 1141 921 cardinalis,
1154 884 1199 916 ad
1216 884 1430 917 universam
1443 884 1692 922 Germaniam,
1703 883 1951 926 Hungariam,

328 937 771 979 Boliemia1n‚Poloniam
796 947 941 971 necnon
958 937 1032 970 alia
1047 947 1167 981 regna
1190 939 1228 972 et
1248 937 1342 978 loca,
1362 939 1408 971 ad
1428 948 1523 980 quae
1541 947 1608 971 nos
1633 938 1822 971 declinare
1839 937 1955 970 conti-

326 994 436 1036 gerit,
461 993 686 1025 sanctissimi
704 992 845 1025 domini
863 993 981 1026 nostri
997 1002 1116 1035 papae
1140 994 1178 1026 et
1202 993 1431 1036 apostolieae
1448 994 1548 1026 sedis
1577 993 1622 1026 de
1650 992 1770 1026 latere
1786 991 1950 1035 legatus,

324 1048 602 1081 commissarius
626 1049 664 1080 et
679 1049 858 1081 executor
876 1048 1006 1080 unicus
1025 1049 1070 1080 ad
1087 1048 1330 1090 infrascripta
1346 1049 1570 1081 auctoritate
1587 1047 1794 1090 apostolica
1809 1048 1953 1089 specia-

324 1103 411 1136 liter
428 1103 638 1145 deputatus,
666 1101 824 1136 salutem
842 1103 879 1135 in
906 1103 1065 1135 Domino
1083 1103 1121 1136 et
1136 1104 1398 1145 praesentibus
1415 1103 1528 1136 fidem
1551 1103 1744 1136 indubiam
1771 1102 1952 1136 adhibere

324 1159 535 1199 nostrisque
553 1158 781 1200 hujusmodi,
800 1159 912 1190 immo
930 1158 1055 1191 verius
1073 1158 1290 1200 apostolicis
1308 1158 1468 1191 firmiter
1485 1158 1639 1191 obedire
1655 1157 1855 1190 mandatis.

368 1214 529 1246 Litteras
553 1213 778 1246 sanctissimi
806 1213 844 1245 in
873 1213 1022 1246 Christo
1039 1213 1158 1254 patris
1183 1214 1221 1246 et
1245 1213 1387 1245 domini
1415 1213 1535 1246 nostri
1563 1212 1705 1245 domini
1733 1211 1951 1253 Clementis,

324 1268 449 1301 divina
464 1268 700 1310 providentia
715 1277 834 1310 papae
858 1268 1019 1309 septimi,
1046 1268 1084 1300 in
1112 1269 1235 1301 forma
1263 1268 1387 1301 brevis
1417 1267 1555 1300 annulo
1580 1267 1779 1310 piscatoris
1796 1267 1842 1301 de
1865 1276 1953 1301 cera

322 1324 440 1356 rubea
466 1323 649 1366 sigillatas
678 1323 784 1356 nobis
814 1323 975 1356 directas
1004 1324 1116 1364 atque
1145 1332 1265 1364 nuper
1293 1324 1552 1364 praesentatas
1581 1332 1648 1356 nos
1676 1332 1761 1356 cum
1791 1331 1848 1361 ea,
1878 1331 1952 1364 qua

324 1379 430 1412 decet
445 1379 668 1417 reverentia,
689 1378 868 1411 noveritis
886 1378 1074 1420 recepisse
1092 1378 1308 1419 hujusmodi
1327 1378 1394 1410 sub
1413 1379 1543 1411 tenore
1566 1387 1574 1410 :

367 1434 475 1474 (Hier
498 1434 529 1465 is
554 1434 599 1466 de
616 1433 780 1476 gansche
798 1432 861 1465 bul
879 1442 948 1465 van
967 1432 1139 1466 Clemens
1156 1432 1238 1472 VII,
1260 1432 1300 1464 19
1323 1433 1445 1465 Maart
1464 1432 1560 1471 1524,
1579 1432 1818 1476 ingelascht).

367 1490 457 1521 Post
476 1498 632 1529 quarum
660 1489 810 1530 quidem
834 1487 1046 1521 litterarum
1064 1488 1355 1529 apostolicarum
1371 1489 1715 1529 praesentationem
1731 1489 1769 1522 et
1784 1489 1950 1530 recepta-

323 1545 463 1576 tionem
492 1544 599 1575 nobis
631 1544 669 1576 et
695 1552 762 1585 per
790 1553 869 1582 nos,
897 1544 937 1575 ut
964 1543 1232 1584 praemittitur,
1257 1543 1396 1575 factam
1427 1552 1507 1582 nos,
1536 1543 1706 1576 volentes
1734 1543 1951 1576 mandatum

323 1598 568 1640 apostolieum
584 1599 689 1638 nobis
703 1599 741 1630 in
755 1598 823 1630 hac
834 1599 940 1640 parte
954 1598 1137 1630 directum
1149 1599 1369 1631 reverenter
1382 1598 1530 1639 exequi,
1541 1599 1582 1631 ut
1595 1600 1779 1637 tenemur,
1790 1599 1834 1631 de
1847 1607 1952 1640 prae-

323 1654 447 1686 missis
464 1654 501 1685 in
516 1653 652 1686 litteris
666 1652 881 1695 apostolicis
898 1653 1142 1694 praeinsertis
1157 1653 1318 1685 narratis
1333 1654 1371 1685 et
1386 1653 1572 1686 contentis
1586 1663 1653 1686 nos
1667 1653 1950 1686 informavimus

324 1709 543 1750 diligentei²3
577 1710 626 1747 et,
653 1709 740 1749 quia
766 1717 834 1750 per
858 1708 1164 1741 informationem
1189 1707 1405 1749 huJ‘us'modi
1432 1709 1682 1750 comperimus
1707 1709 1753 1741 ad
1777 1708 1951 1741 evitanda

323 1764 510 1801 seandala,
544 1773 638 1805 quae
665 1763 921 1796 verisimiliter
937 1763 1079 1796 exoriri
1104 1764 1258 1804 possent
1275 1764 1312 1795 et
1335 1762 1418 1795 aliis
1444 1763 1489 1796 de
1513 1763 1635 1796 causis
1661 1762 1950 1796 rationabilibus

323 1819 429 1850 nobis
447 1819 544 1851 notis
562 1819 764 1860 expediens
782 1827 863 1850 esse
880 1827 948 1859 pro
965 1827 1057 1859 pace
1075 1819 1112 1850 et
1129 1818 1255 1858 quiete
1273 1827 1314 1850 ac
1330 1818 1492 1859 praefati
1510 1817 1743 1851 detestabilis
1761 1818 1946 1861 dogmatis

323 1874 586 1915 extirpatione,
596 1882 663 1915 per
676 1872 798 1906 felicis
810 1873 1083 1906 recordationis
1096 1873 1303 1905 Adrianum
1317 1873 1514 1914 deputatos
1527 1873 1770 1914 inquisitores
1784 1871 1949 1905 amoveri

322 1930 360 1960 et
384 1928 476 1961 alios
494 1938 623 1962 corum
647 1928 729 1960 loco
748 1928 953 1970 surrogari.
972 1927 1116 1960 Idcirco
1143 1928 1365 1960 auctoritate
1389 1927 1596 1969 apostolica
1619 1928 1726 1960 nobis
1750 1927 1950 1960 commissa

321 1985 359 2016 et
375 1993 447 2024 qua
462 1984 656 2026 fungimur
667 1984 707 2016 in
724 1983 793 2016 hac
809 1986 928 2024 parte,
944 1983 1184 2016 Franciscum
1199 1982 1312 2015 Hulst
1327 1983 1366 2016 et
1381 1982 1475 2015 alios
1487 1992 1556 2024 per
1571 1982 1805 2024 praedictum
1816 1982 1948 2016 Adria-

321 2048 407 2070 num
426 2039 463 2070 in
488 2039 662 2071 dominiis
685 2039 887 2080 praedietis
904 2039 1032 2070 forsan
1050 2038 1247 2079 deputatos
1265 2046 1331 2071 seu
1354 2039 1611 2080 coassumptos
1628 2038 1673 2070 ab
1690 2037 1947 2079 inquisitionis

322 2094 443 2125 officio
461 2094 676 2135 hujusmodi
705 2093 951 2126 absolvendos
977 2093 1149 2125 duximus
1172 2094 1210 2126 et
1233 2093 1470 2131 amovendos,
1491 2093 1604 2134 prout
1634 2093 1673 2125 in
1701 2093 1771 2125 Dei
1795 2092 1947 2125 nomine

321 2158 385 2180 eos
403 2151 440 2181 et
456 2158 586 2181 eorum
604 2147 808 2189 quemlibet
825 2147 1050 2180 absolvimus
1064 2149 1102 2181 et
1114 2157 1340 2186 amovemus,
1355 2148 1610 2189 praesentium
1624 2156 1692 2189 per
1705 2147 1874 2181 tenorem
1892 2147 1946 2180 eis

321 2207 505 2236 eteorum
529 2203 684 2236 cuilibet
710 2204 777 2236 sub
805 2213 927 2245 poena
953 2203 1349 2236 excommunicationis
1377 2202 1475 2235 latae
1502 2202 1711 2236 sententiae
1739 2202 1946 2235 districtius

322 2258 547 2298 inhibentes,
567 2268 613 2291 ne
631 2259 676 2292 de
694 2259 815 2291 officio
833 2259 1087 2299 inquisitionis
1104 2258 1320 2300 huJusmodi
1338 2267 1377 2291 se
1401 2258 1532 2299 quovis
1549 2258 1659 2290 modo
1676 2257 1943 2296 intromittant,

322 2323 363 2345 ae
388 2314 536 2346 irritum
567 2316 605 2347 et
634 2315 745 2346 inane
774 2314 1031 2352 decernentes,
1060 2314 1173 2355 prout
1203 2313 1460 2346 sanctissimus
1489 2313 1661 2345 dominus
1693 2313 1946 2354 nosterpapa

321 2369 497 2407 decrevit,
517 2370 636 2401 totum
651 2369 688 2400 id
706 2370 743 2401 et
759 2369 939 2409 quidquid
956 2368 1001 2401 de
1018 2370 1167 2401 caetero
1197 2369 1458 2409 attemptatum
1474 2368 1591 2401 fuerit
1607 2366 1889 2409 quomodolibet
1904 2367 1943 2399 in

319 2424 554 2465 praemissis3
569 2425 606 2457 et
623 2423 867 2456 nihilominus
884 2423 1136 2464 perniciosum
1149 2423 1310 2464 praefati
1324 2423 1477 2455 Martini
1490 2422 1648 2455 Lutheri
1662 2422 1799 2464 dogma
1813 2421 1944 2455 haere-

320 2476 504 2516 ticamque
531 2477 753 2517 pravitatem
777 2475 927 2517 penitus
955 2475 1126 2517 extingui
1153 2476 1191 2508 et
1214 2475 1438 2516 praesertim
1461 2475 1501 2507 in
1523 2475 1694 2516 partibus
1711 2476 1749 2507 et
1765 2473 1942 2506 dominiis

319 2529 520 2568 praedictis
545 2528 727 2570 extirpari
755 2529 792 2560 et
815 2527 983 2560 funditus
1012 2527 1196 2560 eradicari
1212 2527 1418 2568 cupientes,
1438 2526 1594 2560 dilectos
1612 2527 1719 2559 nobis
1735 2526 1774 2559 in
1792 2526 1941 2560 Christo

319 2584 572 2624 praepositum
590 2583 709 2615 sancti
731 2582 884 2615 Martini
901 2583 1094 2624 Yprensis,
1113 2582 1256 2625 ordinis
1273 2582 1392 2618 sancti
1407 2582 1623 2624 Augustini,
1641 2581 1880 2621 Mofinensis,
1899 2590 1943 2615 ac

318 2636 483 2675 priorem
507 2635 714 2668 Scolarium
742 2635 780 2667 in
805 2634 994 2667 Montibus
1020 2634 1254 2673 Harmoniae,
1281 2635 1319 2667 et
1341 2635 1565 2677 magistrum
1587 2633 1773 2667 Joannem
1789 2633 1868 2675 (sic)
1894 2634 1940 2667 de

319 2690 519 2729 Montibus,
546 2699 673 2723 sacrae
697 2690 857 2732 paginae
884 2690 1088 2728 doctorem,
1119 2689 1299 2722 decanum
1330 2689 1512 2722 ecclesiae
1540 2689 1660 2722 sancti
1687 2689 1794 2722 Petri
1824 2688 1940 2722 Lova-

320 2745 470 2783 niensis,
490 2746 708 2778 Leodiensis
725 2745 932 2786 respective
951 2745 1122 2783 diocesis,
1142 2745 1239 2786 apud
1257 2745 1533 2777 sanctissimum
1550 2744 1753 2776 domimum
1769 2744 1939 2777 nostrum

316 2809 447 2839 papam
479 2801 690 2841 praefatum
722 2802 759 2832 et
787 2809 853 2832 nos
882 2800 926 2832 de
959 2800 1179 2842 integritate
1206 2801 1244 2832 ct
1271 2799 1426 2832 solertia
1452 2808 1654 2840 rerumque
1686 2799 1938 2841 gerendarum

317 2854 539 2887 dexteritate
553 2854 755 2896 plurimum
769 2855 1059 2893 commendatos,
1077 2855 1248 2887 absentes
1259 2854 1438 2895 'tanquam
1450 2855 1668 2896 praesentes
1681 2855 1720 2886 et
1732 2853 1938 2895 quemlibet
1954 2887 1956 2890 ,

316 2917 442 2940 eorum
474 2909 673 2941 insolidum
702 2910 872 2941 omnibus
900 2909 1119 2942 melioribus
1150 2910 1221 2948 via,
1251 2910 1373 2948 modo,
1402 2910 1524 2942 forma
1555 2909 1592 2942 et
1623 2909 1768 2947 ordine,
1802 2909 1936 2950 quibus

314 2969 511 3001 possumus
529 2963 565 2993 et
593 2961 781 3001 debemus,
802 2961 1023 2995 auctoritate
1049 2961 1254 3003 apostolica
1280 2962 1450 3003 praefata
1471 2961 1509 2994 in
1533 2961 1729 2995 Alemania
1758 2961 1936 2994 Inferiori
