2096 3481
815 250 953 284 ANNO
980 250 1064 284 1519
1329 279 1334 284 .
1719 254 1758 287 15

120 366 232 392 suasu
256 358 295 393 et
318 358 543 393 auctoritate
560 358 669 393 multi
693 367 740 393 ex
765 358 1060 402 simplicioribus
1085 360 1209 403 ipsum
1232 360 1373 395 librum
1397 362 1570 405 cupidius
1596 363 1757 406 amplec-

121 414 254 447 tuntur
279 414 318 447 et
349 423 371 448 a
397 415 626 457 synceritate
655 423 751 456 quae
778 415 817 447 in
845 415 996 449 Christo
1029 417 1098 455 est,
1129 417 1366 450 auertuntur.
1396 417 1528 451 Visum
1560 420 1618 452 est
1650 419 1757 452 nobis

121 469 388 509 necessarium,
415 471 583 503 nostram
607 469 788 503 adhibere
811 478 1023 504 censuram.
1048 470 1181 513 Itaque
1210 472 1467 514 supradictum
1492 473 1632 506 librum
1659 484 1758 507 com-

119 523 349 566 plectentem
387 524 649 559 conclusiones
688 525 897 568 nonaginta
930 526 1096 568 quinque
1131 535 1216 559 cum
1251 527 1329 559 suis
1366 527 1685 562 declarationibus
1721 531 1760 563 et

119 579 313 621 responsis
339 579 386 612 ad
411 579 634 614 Silvestrum
658 580 704 613 de
728 580 857 614 Pierio
881 581 1106 624 magistrum
1130 582 1228 614 sacri
1250 581 1401 624 palatii3
1430 583 1521 616 item
1544 593 1757 618 sermonem

122 634 168 667 de
194 635 441 676 poenitentia,
472 644 686 669 sermonem
714 635 760 668 de
787 637 1054 677 preparatione
1083 636 1129 669 ad
1158 636 1438 675 eucharistiam,
1465 639 1555 670 item
1582 639 1756 672 Andreae

121 689 377 723 archidiaconi
401 691 681 733 propositiones
709 690 966 733 apologeticas
995 693 1033 724 et
1060 693 1376 734 praeceptorium,
1407 696 1492 734 post
1521 696 1691 726 exactam
1720 697 1759 727 et

120 743 342 787 diligentem
359 746 690 784 examinationem,
708 746 961 788 comperimus
974 748 1131 789 propter
1143 747 1332 790 insignem
1347 748 1660 782 detractationem
1677 749 1758 791 phi-

118 798 315 842 losophiae
343 802 382 834 et
409 801 576 834 omnium
605 801 801 834 doctorum
830 802 893 842 qui
922 802 1077 834 fuerunt
1104 802 1149 835 ab
1178 803 1286 835 annis
1315 802 1616 846 quadringentis,
1643 805 1757 837 etiam

119 855 315 889 continere
351 856 580 889 assertiones
615 855 752 889 multas
790 855 918 895 falsas,
953 856 1204 896 scandalosas,
1247 857 1458 890 haereticas
1497 859 1535 891 et
1570 858 1759 893 haeresim

118 910 321 952 sapientes,
347 911 559 944 cuiusmodi
584 912 672 943 sunt
697 920 793 952 quae
817 913 1051 953 sequuntur:
1079 912 1181 954 Opus
1206 912 1346 945 bonum
1371 913 1512 955 optime
1528 914 1682 953 factum,
1701 916 1760 948 est

117 966 313 1007 peccatum
329 965 488 999 veniale.
508 965 603 999 Item
621 975 667 999 ex
685 975 729 999 eo
755 967 854 1007 quod
878 968 999 1000 sancti
1022 968 1060 1000 in
1086 968 1188 1000 omni
1212 967 1311 1000 bono
1337 977 1452 1009 opere
1469 968 1592 1001 minus
1615 970 1760 1002 faciunt

118 1029 230 1061 quam
244 1021 394 1060 debent,
410 1022 585 1062 quodque
611 1021 735 1054 nullus
753 1023 969 1055 sanctorum
986 1023 1080 1055 vixit
1097 1023 1134 1055 in
1152 1022 1222 1056 hac
1239 1023 1316 1055 vita
1332 1023 1414 1056 sine
1427 1025 1595 1065 peccato,
1611 1024 1758 1057 conclu-

118 1075 173 1107 dit
188 1076 325 1109 merita
342 1078 557 1109 sanctorum
583 1076 688 1109 nulla
705 1086 787 1109 esse
805 1078 998 1119 superflua
1021 1078 1105 1116 sibi,
1126 1087 1221 1119 quae
1239 1078 1347 1110 nobis
1365 1079 1502 1111 ociosis
1519 1082 1755 1115 succurrunt.

115 1129 316 1164 intendens
343 1140 412 1174 per
439 1131 511 1164 hoc
539 1132 782 1165 manifestum
811 1133 948 1171 facere,
981 1134 1079 1174 quod
1109 1134 1245 1166 merita
1273 1134 1489 1166 sanctorum
1522 1134 1626 1167 nulla
1657 1136 1755 1172 sunt,

115 1194 211 1227 quae
236 1186 344 1219 nobis
367 1188 528 1229 possunt
551 1188 834 1225 communicari,
855 1188 945 1229 quin
971 1189 1009 1221 et
1033 1189 1153 1221 saneti
1178 1189 1216 1220 in
1242 1188 1318 1220 illis
1337 1198 1430 1230 opus
1448 1188 1590 1222 habent
1614 1190 1758 1222 miseri-

116 1241 246 1274 cordia
261 1241 495 1284 ignoscente.
516 1241 588 1275 Hic
605 1242 829 1284 simpliciter
855 1243 995 1276 dixisse
1020 1253 1094 1276 non
1119 1245 1178 1276 sat
1201 1245 1295 1280 erat,
1316 1244 1382 1276 sed
1399 1243 1492 1276 haec
1516 1245 1630 1277 etiam
1656 1246 1760 1277 addit

115 1296 231 1329 verba
245 1306 253 1329 :
268 1296 317 1330 Et
334 1298 375 1330 ut
391 1297 593 1339 aliquando
612 1298 733 1330 audax
751 1298 834 1336 sim,
850 1307 896 1331 ea
908 1308 1004 1339 quae
1018 1299 1093 1331 iam
1111 1299 1189 1331 dixi
1202 1300 1394 1340 protestor
1407 1308 1467 1332 me
1481 1309 1555 1332 non
1570 1300 1755 1339 dubitare,

115 1352 182 1385 sed
208 1354 362 1394 paratus
390 1353 519 1395 ignem
547 1355 586 1386 et
614 1354 775 1386 mortem
804 1354 998 1395 suscipere
1030 1363 1098 1396 pro
1131 1354 1220 1393 illis,
1251 1355 1290 1387 et
1323 1354 1558 1387 haereticum
1591 1364 1758 1388 asseram

117 1416 266 1441 omnem
283 1408 347 1449 qui
364 1408 497 1441 contra
513 1408 694 1450 sapuerit.
714 1408 810 1441 Item
827 1408 1089 1452 indulgentiae
1107 1409 1201 1442 nihil
1220 1408 1322 1442 aliud
1340 1411 1427 1442 sunt
1445 1419 1556 1451 quam
1571 1410 1757 1443 relaxatio

115 1471 272 1504 poenae,
303 1463 461 1496 arbitrio
498 1464 718 1502 sacerdotis,
752 1463 810 1497 vel
846 1473 1032 1497 canonum
1066 1464 1381 1506 poenitentialum
1416 1465 1628 1507 impositae,
1664 1475 1758 1507 quos

115 1518 241 1550 tamen
269 1518 383 1551 etiam
410 1518 492 1560 ipse
522 1519 663 1551 fatetur
686 1527 756 1560 per
781 1528 854 1551 non
880 1529 988 1552 usum
1013 1519 1187 1552 abolitos.
1220 1519 1316 1553 Item
1346 1520 1448 1552 circa
1480 1522 1758 1554 sacramentum

115 1573 373 1614 poenitentiae
405 1582 556 1607 errores
588 1574 762 1613 seminat,
797 1575 839 1606 ut
870 1575 970 1615 quod
1005 1575 1087 1608 sine
1118 1575 1244 1618 gratia
1275 1575 1345 1608 Dei
1379 1575 1502 1617 primo
1537 1576 1757 1609 remittente

115 1626 276 1670 culpam,
296 1637 365 1662 nec
381 1630 510 1662 votum
528 1629 766 1662 remissionis
790 1630 1042 1670 quaerendae,
1061 1629 1174 1663 homo
1192 1630 1333 1663 habere
1356 1631 1493 1672 potest.
1512 1630 1609 1664 Item
1627 1631 1758 1665 haere-

115 1683 190 1716 tica
217 1685 275 1716 est
302 1685 503 1723 sententia,
534 1693 608 1725 qua
639 1687 876 1718 sacramenta
903 1695 1022 1718 novae
1050 1685 1147 1728 legis
1174 1686 1338 1729 gratiam
1365 1686 1634 1719 iustificantem
1667 1687 1758 1720 dare

115 1739 292 1772 dicuntur
307 1738 396 1778 illis,
416 1740 480 1781 qui
498 1749 573 1772 non
589 1742 735 1782 ponunt
751 1740 909 1773 obicem.
928 1740 1030 1774 Alibi
1055 1741 1127 1773 hoc
1149 1742 1264 1774 etiam
1281 1741 1474 1783 explicans
1492 1742 1538 1775 de
1554 1742 1754 1784 baptismo.

114 1793 223 1827 Circa
238 1795 506 1828 contritionem
522 1795 624 1828 istud
642 1795 705 1828 dat
721 1795 942 1828 consilium:
959 1796 1208 1829 confessurus
1226 1798 1313 1830 ante
1331 1797 1458 1830 omnia
1474 1798 1598 1831 tecum
1615 1798 1755 1840 cogita,

114 1849 205 1891 quid
234 1850 394 1889 facere&
424 1851 456 1883 si
488 1860 563 1883 non
595 1852 697 1884 esset
726 1852 971 1893 praeceptum
1003 1852 1221 1885 confitendi.
1251 1852 1301 1885 Et
1328 1862 1375 1885 an
1411 1852 1465 1885 sic
1496 1853 1612 1886 etiam
1639 1853 1757 1886 velles

113 1904 300 1944 confiteri,
319 1906 477 1945 conteri,
496 1906 707 1947 poenitere,
727 1906 828 1947 quod
852 1907 883 1939 si
909 1907 946 1940 te
970 1916 1045 1940 non
1070 1907 1125 1940 ita
1146 1907 1309 1946 iuuenis,
1327 1908 1404 1941 iam
1427 1907 1523 1941 scito
1548 1909 1585 1941 te
1610 1917 1684 1941 non
1709 1917 1756 1942 ex

113 1968 242 1994 amore
258 1960 444 2000 iusticiae,
463 1961 529 1995 sed
546 1961 821 1995 consuetudine
846 1963 885 1995 et
902 1962 1038 1996 timore
1055 1963 1250 2005 praecepti
1266 1963 1476 2005 poenitere.
1492 1963 1589 1997 Item
1607 1964 1706 2005 quod
1723 1964 1756 1997 si

113 2015 178 2048 des
207 2024 281 2057 qua
306 2016 476 2050 creditur
503 2017 661 2050 verbum
694 2016 837 2051 Christi
870 2026 1015 2057 verum,
1052 2017 1312 2062 Quodcumque
1342 2016 1502 2052 solueris
1532 2019 1603 2052 etc.
1634 2020 1756 2063 magis

113 2071 322 2112 requiritur
345 2072 384 2104 in
409 2071 647 2106 absolutione
671 2072 937 2106 sacramentali
962 2082 1074 2114 quam
1098 2073 1290 2112 contritio,
1310 2075 1348 2107 et
1364 2074 1448 2116 ipsa
1464 2073 1546 2107 sola
1567 2074 1659 2107 satis
1684 2076 1754 2114 est,

113 2126 292 2168 quicquid
316 2127 366 2160 sit
390 2127 436 2161 de
460 2128 701 2161 contritione.
723 2127 898 2167 Tantum,
918 2128 1053 2170 inquit,
1073 2128 1202 2168 habes,
1223 2130 1405 2170 quantum
1422 2129 1556 2163 credis.
1573 2130 1726 2163 Addens
1746 2139 1754 2163 :

112 2181 232 2215 Immo
250 2183 330 2215 esto
348 2191 416 2224 pro
435 2182 682 2225 impossibile,
702 2183 802 2225 quod
819 2184 1014 2217 confessus
1033 2193 1107 2216 non
1124 2185 1174 2216 sit
1190 2185 1388 2223 contrituS,
1405 2186 1470 2217 aut
1486 2185 1663 2218 sacerdos
1681 2195 1756 2218 non

113 2237 226 2276 serio,
241 2238 307 2271 sed
323 2238 406 2270 ioco
424 2238 614 2279 absoluat
629 2239 661 2271 si
676 2240 800 2272 tamen
818 2239 950 2272 credat
966 2248 1006 2272 se
1024 2239 1249 2279 absolutum,
1265 2240 1461 2273 verissime
1475 2242 1533 2273 est
1546 2240 1753 2273 absolutus.

111 2291 161 2326 Et
187 2293 288 2326 infra
315 2294 406 2326 dicit
431 2304 439 2326 :
470 2293 594 2333 Quare
626 2295 747 2338 magis
779 2296 838 2327 est
869 2305 891 2327 a
921 2294 1127 2328 confitente
1159 2295 1442 2336 requirendum,
1473 2305 1519 2329 an
1552 2296 1683 2328 credat
1714 2305 1754 2329 se

113 2348 268 2387 absolvi,
288 2358 399 2390 quam
417 2358 463 2382 an
481 2350 530 2382 sit
546 2359 635 2383 vere
652 2350 849 2383 contritus.
870 2350 977 2388 Item,
997 2351 1098 2383 idem
1116 2359 1294 2392 expresse
1321 2351 1412 2383 (licit
1429 2351 1474 2384 de
1492 2360 1690 2384 accessuro
1709 2351 1755 2384 ad

112 2404 330 2437 venerabile
354 2406 632 2441 sacramentum
657 2405 922 2442 eucharistiae.
942 2406 980 2438 in
999 2414 1174 2439 sermone
1192 2406 1237 2438 de
1254 2407 1522 2448 preparatione
1548 2407 1595 2439 ad
1620 2406 1754 2439 eucha-

111 2458 270 2492 ristiam.
286 2459 480 2502 Improbat
492 2461 607 2494 etiam
624 2461 776 2494 modum
794 2461 1034 2494 examinandi
1051 2461 1334 2499 conscientiam,
1350 2464 1482 2494 contra
1498 2460 1753 2505 c[apitulun1]:

115 2513 229 2552 Quem
255 2516 376 2559 poeni,
406 2517 444 2548 et
471 2525 634 2549 canones
666 2516 816 2549 consilii
844 2516 1035 2559 generalis
1063 2517 1101 2549 in
1134 2515 1328 2560 c[apitulo]
1360 2526 1367 2548 :
1401 2516 1528 2551 Omnis
1560 2517 1753 2561 utriusque

111 2579 234 2609 sexus,
261 2571 306 2604 de
330 2569 570 2615 pe[nitentia]
594 2573 632 2605 et
656 2570 922 2616 re[missione].
951 2572 1059 2605 Circa
1081 2573 1359 2605 consessionem
1379 2581 1386 2604 :
1414 2572 1498 2605 Non
1524 2574 1612 2605 sunt
1641 2573 1755 2605 confi-

113 2626 227 2659 tenda
251 2626 378 2659 omnia
400 2626 587 2665 mortalia,
614 2628 704 2668 quia
726 2627 962 2670 impossibile
980 2629 1038 2660 est
1054 2628 1096 2660 ut
1119 2628 1246 2660 omnia
1269 2626 1447 2660 mortalia
1469 2636 1688 2670 cognoscas,
1709 2628 1755 2661 ad

112 2681 346 2723 impossibile
370 2684 496 2716 autem
521 2691 631 2716 nemo
657 2682 860 2726 obligatur.
886 2683 1051 2721 Addens,
1080 2683 1179 2724 quod
1204 2682 1328 2715 solum
1351 2683 1554 2716 manifesta
1577 2683 1756 2716 mortalia

112 2736 151 2769 in
167 2737 360 2778 primitiva
375 2737 536 2771 ecclesia
552 2738 830 2771 confitebantur
847 2739 953 2771 iuxta
968 2738 1063 2771 illud
1084 2737 1282 2780 Apostoli:
1303 2737 1507 2782 Manifesta
1530 2743 1615 2772 sunt
1640 2749 1754 2782 opera

112 2792 249 2826 carnis.
275 2792 325 2826 Et
348 2793 394 2826 de
418 2793 629 2827 accidentia
645 2793 736 2826 dicit
754 2803 762 2826 :
783 2794 920 2828 Nescio
938 2803 985 2826 an
1003 2794 1053 2826 sit
1069 2794 1209 2826 vicium
1226 2793 1501 2835 confitendum3
1521 2794 1634 2827 credo
1653 2794 1754 2835 quod

113 2856 200 2887 non,
225 2848 315 2889 quia
337 2849 396 2882 est
418 2848 626 2891 spiritualis
655 2849 836 2888 defectus,
865 2850 943 2882 Deo
968 2848 1052 2888 soli,
1072 2850 1136 2890 qui
1164 2851 1203 2882 et
1226 2848 1328 2882 solus
1357 2849 1410 2882 ibi
1435 2849 1580 2883 mederi
1608 2850 1749 2892 potest,

114 2903 354 2944 aperiendus,
372 2903 470 2938 Item
493 2903 584 2938 alibi
609 2903 701 2938 dicit
717 2914 726 2938 :
745 2904 795 2938 Et
810 2905 842 2937 si
860 2914 934 2938 non
952 2905 1003 2937 sit
1020 2905 1276 2939 necessarium
1300 2905 1474 2938 confiteri
1499 2905 1700 2943 sacerdoti,
1720 2905 1753 2937 si

114 2956 271 2993 fratrem
300 2969 373 2992 non
403 2960 644 2994 excusauoris
674 2962 902 2999 accusatum,
932 2961 1125 2994 foedatum
1151 2960 1247 2994 falso
1273 2961 1504 3000 testimonie,
1531 2970 1753 3004 oppressum
