2096 3481
861 225 1000 260 ANNO
1026 225 1110 259 1522

384 338 556 371 Paedore
581 336 768 379 oppletur,
786 343 939 369 moeror
955 335 1082 377 gravis
1100 334 1237 372 onmia,
1265 333 1386 369 tristis

383 393 519 426 Omnia
541 393 663 425 luctus
680 391 805 430 habet,
826 400 900 424 non
917 391 975 423 est
991 391 1149 423 noctuve
1167 389 1275 422 dieve

388 447 474 481 Ulla
501 448 607 489 quies
622 458 630 487 ;
662 447 809 480 noctem
838 446 1021 488 optamus,
1048 446 1114 478 sed
1145 454 1297 478 somnus
1326 443 1483 477 acerbus

384 504 460 536 Aut
475 504 655 545 properat
668 502 840 544 spectris,
860 502 925 534 aut
940 510 1027 534 mox
1043 500 1175 542 procul
1193 500 1362 542 aufugit3
1382 499 1469 532 inde

384 558 566 600 Optamus
578 557 713 595 lucem,
729 557 795 591 sed
808 556 872 590 lux
890 556 1011 589 invisa
1027 555 1196 588 dolorem

382 614 562 651 Intendit,
588 612 703 656 longo
723 613 871 646 miseris
888 611 947 645 vel
964 611 1117 654 longior
1135 620 1247 648 anno,

382 668 571 702 Claudunt
587 668 745 702 infoelix
762 668 947 701 immensa
962 666 1146 709 repagula
1166 664 1373 698 claustrum

385 723 439 757 Ob
442 725 515 765 jice
528 725 684 763 ferrato,
703 723 847 757 crebris
864 723 1009 756 ferrata
1023 721 1210 755 columnis

379 778 512 812 Altera
534 788 621 821 pars
646 779 789 817 horret,
817 777 1053 820 squalentem
1077 777 1191 810 habet
1215 775 1336 809 altera
1359 784 1522 813 murum,

380 834 452 867 Vix
470 834 543 867 nisi
560 843 630 876 per
654 834 803 868 tenueis
820 833 918 867 coeli
934 831 1150 874 exoptabile
1178 831 1305 866 lumen

380 889 593 931 Aspicimus
620 890 748 929 rimas,
774 889 905 931 spissis
930 888 1100 921 obtusior
1117 896 1211 922 aura

379 944 594 978 Incrassata
610 944 766 983 umbris,
785 944 896 977 flatus
921 944 1079 977 offendit
1095 941 1252 976 anhelos

380 999 577 1032 Pulmonis
594 1000 724 1033 miseri
741 1001 779 1033 et
794 1001 893 1034 tetro
911 999 1111 1032 contristat
1127 998 1243 1030 odore

380 1054 555 1088 Infirmas
572 1064 704 1097 nares3
724 1054 828 1088 nulla
844 1055 906 1088 hic
923 1054 1070 1092 solatia,
1091 1052 1217 1086 nullus

380 1109 448 1143 Est
475 1109 672 1143 hominum
694 1119 878 1149 accessuS,
906 1119 1014 1143 nemo
1032 1109 1094 1141 hic
1110 1108 1301 1141 confortat
1317 1106 1437 1140 amico

382 1164 578 1207 Colloquio
595 1165 767 1205 miseros,
787 1165 858 1198 soli
876 1166 959 1198 atra
975 1163 1154 1198 animalia
1169 1171 1298 1196 mures

379 1220 429 1253 Et
445 1221 545 1263 nigri
568 1220 713 1263 pulices
731 1222 769 1255 et
784 1220 949 1263 pendula
965 1228 1105 1253 aranea
1122 1218 1185 1251 filo

378 1274 426 1308 Se
449 1274 593 1309 librans
619 1277 723 1309 tenui
749 1277 860 1318 atque
885 1276 1077 1309 horrenda
1099 1274 1264 1312 silentia,
1291 1273 1435 1307 circum

380 1330 506 1364 Triste
523 1331 742 1364 sodalitium
764 1332 960 1374 praestant
982 1331 1214 1374 lugentibuS,
1234 1331 1347 1370 atque

377 1385 572 1419 Interdum
590 1388 719 1429 turpes
737 1387 838 1420 tristi
855 1386 1039 1420 solamine
1055 1385 1174 1429 glires

380 1442 458 1475 Nos
471 1442 613 1476 circum
628 1443 769 1476 ducunt
784 1442 954 1476 choreas.
975 1442 1054 1475 Nos
1072 1441 1246 1475 omnibus
1263 1441 1374 1480 eheu,

379 1496 508 1536 Invisi,
536 1498 617 1532 sine
641 1507 708 1540 spe
723 1497 889 1531 humana
910 1497 973 1530 hic
995 1497 1250 1538 considimus;
1277 1506 1408 1530 omnes

383 1552 461 1584 Nos
485 1553 650 1596 fugiunt,
669 1562 799 1586 omnes
824 1562 892 1586 nos
909 1553 949 1586 in
972 1561 1147 1586 moerore
1162 1552 1386 1593 relinquunt

379 1607 571 1649 Affiietos3
602 1618 676 1642 non
705 1609 763 1642 est
789 1609 921 1648 frater,
949 1618 1023 1641 non
1048 1608 1107 1641 est
1133 1616 1254 1646 soror,
1284 1607 1385 1640 ullus

380 1663 464 1695 Non
484 1664 605 1702 notus,
633 1673 706 1696 non
725 1664 860 1702 affinis,
881 1673 954 1697 non
972 1663 1108 1696 charus
1127 1663 1281 1701 amicuS,

380 1718 466 1751 Non
483 1717 602 1751 dulcis
619 1719 770 1761 conjux,
798 1729 873 1752 non
897 1718 1022 1752 dulcia
1037 1718 1201 1761 pignora
1217 1718 1309 1757 nati,

377 1773 463 1806 Non
480 1773 600 1806 dulcis
618 1775 781 1817 genitor,
801 1784 876 1808 non
895 1774 1142 1808 dilectissima
1155 1774 1291 1813 mater,

379 1828 482 1868 Quae
501 1839 568 1862 nos
585 1830 734 1869 invisat,
754 1839 876 1872 neque
894 1831 941 1863 ad
964 1829 1036 1862 hoc
1061 1829 1285 1862 admittitur.
1305 1828 1456 1868 Hostes,

379 1884 451 1923 Qui
465 1886 633 1919 nostram
650 1886 838 1927 quaerunt
864 1885 1028 1918 animam
1044 1886 1292 1926 nostrumque
1309 1893 1499 1923 eruorem,

380 1940 453 1979 Qui
477 1940 613 1973 sitiunt
640 1941 752 1980 avidi,
780 1941 919 1980 rident,
953 1940 1156 1979 laetantur,
1187 1941 1336 1973 atroces

379 1995 580 2028 Exacuunt
606 1995 769 2039 linguas,
802 1995 1046 2035 maledicunt,
1076 1995 1252 2029 dentibus
1276 1995 1369 2028 atris

377 2050 617 2084 Subsannant
639 2051 812 2090 miseros,
831 2050 967 2084 ludunt
990 2051 1231 2092 striduntque
1248 2050 1458 2090 cachinnis,

378 2106 535 2139 Rodunt
551 2106 738 2145 absentes,
757 2107 940 2140 frendunt
954 2106 1147 2148 labrisque
1165 2106 1306 2139 dolosis

379 2161 472 2194 Dira
487 2170 632 2195 venena
654 2163 821 2201 vomunt,
845 2162 1020 2203 quatiunt
1036 2163 1160 2204 caput,
1187 2171 1253 2195 ore
1270 2162 1408 2195 minaei

376 2216 565 2250 Insultant
587 2217 674 2259 post
697 2218 806 2260 terga
821 2217 925 2257 viris,
944 2218 1172 2260 rumpuntur
1189 2226 1318 2250 amara

379 2271 538 2311 Invidia,
556 2274 739 2312 mussant,
758 2273 928 2316 ringunt,
956 2272 1125 2314 dirisque
1143 2273 1309 2306 susurris

380 2326 580 2361 Oblatrant
603 2328 788 2371 graviter3
814 2329 903 2361 faeti
928 2337 1057 2361 sumus
1074 2329 1241 2370 undique
1266 2329 1345 2361 toto

380 2381 480 2416 Orbe
497 2392 612 2425 grave
637 2383 869 2425 obloquium,
888 2383 980 2417 tacti
1002 2393 1132 2417 sumus
1157 2384 1322 2426 undique
1340 2393 1519 2427 magnum

376 2437 644 2480 Opprobrium,
663 2439 774 2478 risus,
801 2439 1043 2481 spectaclum,
1070 2439 1245 2481 abjectio,
1275 2440 1421 2473 cunctis

381 2493 526 2526 Fabula
542 2495 642 2533 nota,
659 2494 779 2536 jocus,
795 2496 940 2537 stupor,
960 2495 1165 2534 execratio,
1185 2495 1290 2528 dirus

379 2548 532 2587 Sibilus,
551 2550 590 2582 et
613 2550 703 2591 quid
720 2559 795 2583 non
819 2550 991 2584 tandem?
1015 2549 1200 2589 Quidnam
1225 2559 1331 2593 ergo,
1358 2550 1447 2592 quid
1473 2549 1583 2589 eheu,

375 2604 461 2637 Jam
484 2605 699 2638 faciendum
723 2605 862 2648 igitur?
888 2605 986 2639 Num
1011 2605 1314 2647 desperabimus?
1338 2605 1397 2639 Ah
1423 2615 1509 2645 non,

379 2659 464 2692 Non
482 2660 757 2702 desperandum
775 2661 850 2702 est;
870 2670 967 2700 nam,
987 2661 1019 2693 si
1036 2670 1103 2694 nos
1121 2661 1271 2694 deserat
1295 2661 1409 2699 orbis,

378 2714 551 2756 Optimus
569 2715 667 2748 haud
687 2725 873 2758 quaquam
891 2716 1062 2750 Christus
1081 2726 1148 2749 nos
1166 2717 1307 2750 deserit
1322 2717 1328 2748 !
1356 2716 1466 2755 Ecce,

380 2770 552 2803 Christus
577 2771 694 2809 adest,
713 2771 845 2804 micuit
861 2772 999 2813 paries,
1018 2772 1185 2806 micuere
1201 2772 1400 2806 columnae

377 2826 549 2858 Carceris
577 2827 615 2858 et
633 2826 793 2861 tremulo
819 2826 1064 2868 resplendent
1088 2827 1229 2861 lumine
1247 2828 1319 2860 diri

374 2879 548 2913 Fornicis
565 2882 775 2923 anfractus3
801 2882 926 2916 medio
944 2883 1047 2916 stans
1064 2882 1206 2916 lumine
1225 2883 1398 2917 Christus

376 2935 532 2969 Accedit
554 2937 732 2976 moestos,
752 2937 958 2979 dextraque
976 2937 1191 2972 humaniter
1209 2947 1345 2983 aegros

1738 223 1800 257 153
