2096 3481
744 252 881 286 ANNO
907 252 989 285 15‘253
1621 252 1683 284 209

51 362 338 397 Precationibus
356 364 394 396 et
410 362 528 395 sacris
545 361 928 403 contemplationibus
955 361 1099 393 intento
1125 360 1302 393 assimilis
1320 359 1527 392 videbatur.
1548 360 1686 393 Postea

48 419 174 460 jussus
191 427 289 450 nunc
305 417 377 450 hoc
394 427 491 450 nune
516 416 610 450 illud
634 418 772 454 facere,
802 416 938 448 mirum
963 426 1073 456 quam
1099 417 1271 457 prompte
1297 424 1407 456 quam
1433 424 1504 446 11011
1532 416 1685 457 gravate

48 473 230 515 paruerit.
261 472 406 506 Ferunt
433 472 574 504 dixisse
603 471 740 509 obiter,
771 480 811 503 50
839 472 922 503 fore
951 471 1189 504 obedientem
1218 479 1335 511 usque
1364 470 1410 502 ad
1438 471 1610 510 mortemg
1641 471 1685 502 iis

48 528 212 570 peractis
240 527 478 565 ceremoniis,
510 527 573 559 ubi
603 536 649 559 ex
679 526 874 559 sacerdote
908 527 1030 558 sactus
1061 526 1208 561 fuisset,
1243 534 1353 566 quem
1382 524 1517 566 vulgus
1549 524 1684 557 laicum

51 584 116 616 aut
132 582 341 615 secularem
358 583 478 620 vocat,
497 583 642 614 mutato
661 582 796 614 vestitu
815 581 915 613 intro
934 581 1021 613 abit.

93 638 186 671 Post
202 638 391 680 prodeunt
408 637 480 670 (1110
498 636 637 677 reliqui
661 637 759 669 faeie
776 635 1023 673 horridiores,
1053 636 1230 669 nimirum
1254 635 1419 675 barbati3
1439 645 1521 667 0001
1539 636 1685 676 juvenis

48 693 127 732 ille,
154 702 265 734 quem
289 692 507 730 memoravi,
533 693 660 724 mento
687 701 760 724 non
779 693 880 724 esset
904 690 1065 729 hirsuto,
1085 692 1149 724 sed
1167 692 1289 723 forma
1312 691 1447 723 mirum
1473 691 1511 723 10
1536 691 1687 723 modum

50 748 199 781 decenti
232 748 270 780 et
308 748 398 780 satis
436 748 596 780 venusta
628 756 636 778 :
676 747 741 779 50(1
780 747 979 788 prodeunt,
1023 746 1127 779 vultu
1168 746 1326 779 eandem
1362 746 1611 778 constantiam
1650 747 1688 778 et

48 803 282 836 alacritatem
325 803 540 835 attestante.
591 801 688 840 Quid
735 801 889 834 multis?
932 802 980 834 Et
1024 801 1083 833 liis
1128 801 1308 834 adimitur
1350 801 1602 833 sacerdotium
1645 810 1687 833 ac

49 857 294 891 monachatus
323 858 598 890 sacramentum
625 867 633 889 :
664 867 710 890 ex
735 858 853 889 sacris
876 856 1064 899 prophani
1090 856 1215 890 effecti
1238 855 1460 897 relinquunt
1486 855 1685 897 pulpitum.

91 913 184 946 Post
214 912 367 954 paulum
400 913 612 945 educuntur
637 913 723 951 duo,
757 912 902 953 primus
934 911 1000 944 illc
1033 914 1072 945 et
1100 911 1196 944 alter
1220 920 1266 944 ex
1291 911 1577 952 posterioribus.
1607 910 1689 943 Itur

47 969 94 1001 ad
122 969 261 1010 ignem,
293 968 355 1008 qui
384 967 422 1000 in
451 968 583 1000 eodem
612 967 675 999 ubi
705 967 798 999 haec
827 968 910 1000 acta
938 968 1036 1003 sunt.
1067 968 1151 999 foro
1182 966 1399 1008 parabatur.
1425 966 1577 999 Interea
1601 966 1687 998 dum

47 1023 245 1061 ducuntur,
280 1023 368 1055 dum
406 1024 550 1056 exuunt
588 1032 672 1055 sese
712 1023 892 1061 vestibus,
927 1022 1046 1054 multa
1087 1022 1339 1054 audiebantur
1378 1030 1424 1054 ex
1463 1021 1551 1059 11115,
1593 1030 1687 1061 quae

51 1079 275 1121 argumenta
312 1078 522 1110 clarissima
560 1078 733 1110 omnibus
770 1078 932 1110 fuissent
964 1087 1141 1110 sanarum
1174 1079 1211 1109 et
1242 1078 1391 1118 piarum
1422 1077 1617 1115 mentium,
1651 1078 1690 1109 et

51 1133 167 1166 veluti
201 1133 445 1175 gestientium
477 1143 560 1165 011111
600 1133 748 1166 Christo
781 1133 963 1175 conJ'ungi
995 1132 1120 1165 soluto
1156 1141 1328 1174 corpore,
1363 1132 1436 1164 nisi
1467 1141 1688 1173 persuasum

50 1189 185 1222 fuisset
200 1189 402 1221 haereseos
420 1197 502 1221 esse
520 1189 722 1221 convictos.
751 1188 917 1221 Subinde
943 1188 1135 1221 testificati
1160 1188 1246 1220 sunt
1263 1197 1302 1220 50
1320 1187 1416 1219 10011
1441 1187 1687 1226 Christianos,

51 1253 92 1278 se
109 1244 265 1277 credere
288 1244 326 1276 in
352 1245 519 1276 sanctam
543 1242 751 1277 Ecclesiam
777 1243 1013 1276 catholicam.
1040 1243 1204 1276 Aiebant
1226 1242 1327 1276 hunc
1351 1251 1433 1276 esse
1459 1243 1557 1276 diem
1579 1251 1690 1284 quem

52 1300 116 1332 diu
133 1300 406 1341 expectassent.

92 1354 178 1388 Jam
205 1354 371 1387 vestibus
399 1354 541 1392 nudati,
567 1353 702 1387 relicto
727 1355 873 1387 tantum
900 1354 1063 1393 indusio,
1083 1355 1223 1387 stetere
1249 1353 1324 1392 diu,
1343 1353 1464 1396 magis
1488 1353 1562 1395 ipsi
1584 1353 1690 1395 palos

53 1409 322 1452 amplectentes
347 1419 457 1450 quam
490 1409 650 1452 alligati.
670 1409 775 1452 Ignis
792 1409 934 1442 lentius
953 1410 1278 1442 succendebatur:
1305 1409 1343 1441 id
1367 1409 1525 1441 consilio
1549 1410 1689 1442 factum

53 1466 103 1498 sit
126 1474 172 1498 an
197 1474 298 1504 casu,
325 1465 499 1506 equidem
525 1465 714 1498 affirmare
738 1474 812 1497 non
839 1465 970 1497 ausim.
1000 1465 1098 1503 Quid
1122 1465 1271 1505 inquis?
1298 1474 1373 1497 non
1397 1464 1692 1507 languescebant

53 1522 129 1554 tam
157 1520 336 1553 diuturna
362 1529 469 1553 mora
495 1520 641 1553 vexati?
669 1529 744 1552 non
773 1520 1022 1553 demittebant
1049 1520 1194 1552 animos
1220 1520 1297 1561 jam
1324 1521 1427 1552 fumo
1456 1519 1688 1559 subvolante,

54 1585 141 1608 mox
165 1575 316 1608 flamma
339 1575 638 1616 subsequutura?
662 1575 770 1614 Quod
795 1576 826 1607 si
852 1585 898 1608 ex
923 1575 1105 1618 gestibus,
1134 1576 1273 1613 fronte,
1301 1574 1431 1614 000115,
1459 1575 1620 1616 denique
1644 1584 1691 1608 ex

54 1632 133 1663 toto
165 1630 269 1663 vultu
300 1630 470 1671 judicare
501 1630 688 1669 convenit,
725 1640 820 1671 quae
853 1631 978 1663 omnia
1009 1630 1126 1664 veluti
1158 1630 1377 1671 loquuntur,
1418 1631 1457 1663 et
1494 1640 1569 1663 non
1603 1639 1690 1663 raro

54 1686 194 1719 certius
222 1687 260 1719 et
286 1685 436 1718 meliori
460 1686 534 1719 fide
559 1686 725 1718 animum
754 1686 930 1728 aperiunt
962 1695 1074 1727 quam
1101 1685 1234 1728 lingua
1263 1695 1271 1718 ε
1303 1686 1451 1724 fiducia,
1481 1687 1692 1719 constantia

56 1742 167 1782 atque
195 1740 382 1779 alacritas,
412 1750 508 1781 quae
537 1750 705 1774 summae
732 1742 885 1774 fuerant
913 1750 1074 1783 semper,
1107 1741 1384 1774 incrementum
1415 1750 1565 1774 sumere
1592 1741 1692 1774 vide-

54 1797 210 1837 banturg
244 1797 323 1828 tum
354 1796 592 1837 potissimum
632 1796 817 1829 emicabat
849 1797 976 1829 1105010
1010 1805 1106 1837 quae
1137 1795 1325 1835 hilaritas,
1359 1796 1452 1828 adeo
1492 1798 1533 1829 ut
1562 1796 1691 1829 multis

54 1852 181 1884 ridere
198 1851 429 1884 viderentur.
449 1851 609 1884 Praeter
633 1851 708 1884 3113
730 1851 943 1885 recitabant
961 1851 1173 1893 symbolum
1198 1852 1287 1884 fidei
1311 1852 1349 1884 et
1370 1851 1557 1884 canticum
1575 1851 1692 1885 ecele-

56 1906 249 1939 siasticum
278 1915 286 1938 z
325 1906 370 1939 Te
395 1905 516 1939 Deum
541 1905 755 1945 laudamus,
781 1906 894 1946 idque
923 1905 1080 1938 alternis
1109 1906 1295 1945 dicebant,
1325 1906 1422 1939 alter
1449 1907 1536 1938 dum
1564 1906 1691 1949 ignem

57 1962 234 1994 succendi
258 1961 326 1994 sub
350 1961 509 2003 pedibus
537 1962 736 2002 aspiceret,
766 1961 891 1994 aiebat
919 1961 1040 1994 videri
1069 1961 1141 1993 sibi
1168 1970 1274 1994 rosas
1302 1961 1504 1995 substerni.
1525 1961 1692 1994 Tandem

59 2018 192 2050 exorta
209 2017 357 2049 flamma
374 2025 503 2049 vocem
521 2017 718 2057 utriusque
734 2016 947 2058 intercepit.

101 2071 183 2114 Ego
209 2080 358 2113 semper
382 2071 426 2104 ab
452 2071 638 2112 ejusmodi
662 2070 887 2112 spectaculis
912 2071 1048 2103 natura
1070 2070 1251 2104 abhorrui
1268 2072 1306 2104 et
1322 2070 1497 2104 lubenter
1514 2071 1689 2111 abstinui,

60 2135 181 2168 neque
206 2125 267 2158 hic
295 2126 484 2168 spectator
511 2135 594 2159 esse
622 2126 842 2167 potuissem,
873 2126 945 2158 nisi
974 2126 1046 2168 ipsi
1079 2127 1124 2159 de
1156 2135 1316 2167 quorum
1344 2127 1466 2168 capite
1495 2127 1690 2169 agebatur,

59 2181 166 2221 mihi,
192 2182 256 2222 qui
281 2182 428 2214 ociosus
452 2181 491 2214 in
516 2182 597 2214 tuto
622 2181 850 2223 spectabam,
877 2181 1094 2223 scrupulum
1119 2191 1268 2215 omnem
1292 2191 1360 2214 sua
1383 2182 1692 2224 magnanimitate

61 2238 99 2270 et
114 2236 239 2269 vultus
252 2235 444 2270 hilaritate
461 2236 673 2278 ejecissent.

105 2291 255 2325 Tertius
272 2292 478 2334 productus
502 2301 577 2324 non
603 2292 695 2332 fuit;
723 2292 761 2324 id
790 2301 906 2333 quare
934 2292 1074 2325 factum
1102 2292 1163 2331 sit,
1193 2293 1426 2334 compertum
1455 2301 1528 2325 non
1557 2292 1690 2326 liabeo.

61 2347 220 2386 Quidam
243 2346 343 2379 hunc
366 2347 572 2389 resipuisse
597 2348 773 2388 narrantg
802 2356 932 2380 verum
958 2347 1106 2388 quando
1132 2348 1177 2380 ad
1200 2347 1381 2389 populum
1409 2347 1586 2380 reductus
1618 2358 1691 2380 non

59 2403 132 2435 fuit
147 2401 296 2444 publice
320 2403 594 2440 recantaturus‚
621 2403 793 2435 omnibus
818 2403 856 2434 id
880 2403 1101 2444 persuaderi
1126 2412 1200 2435 11011
1226 2403 1363 2444 potest.
1391 2402 1548 2441 Quidam
1575 2404 1692 2445 suspi-

64 2459 198 2491 cantur
214 2457 309 2490 clam
328 2458 513 2490 necatum.
534 2457 628 2490 Utut
645 2468 684 2491 50
701 2467 762 2491 105
780 2457 905 2496 habet,
925 2458 988 2490 diu
1006 2457 1125 2491 latere
1143 2467 1217 2490 non
1236 2459 1377 2499 poterit
1391 2458 1450 2499 (1).

105 2513 295 2546 Postridie
324 2522 408 2545 011111
447 2513 527 2546 (1105
556 2515 657 2546 05501
684 2522 790 2546 sacer
819 2514 925 2546 divae
953 2513 1116 2556 Virgini,
1146 2514 1324 2545 minorita
1354 2513 1415 2545 hic
1442 2514 1480 2546 in
1512 2514 1692 2548 concione

66 2567 246 2610 populum
270 2568 476 2607 admonuit,
503 2571 543 2601 ut
567 2569 598 2600 si
622 2569 720 2601 forte
745 2571 946 2611 rogaretur
964 2577 1009 2601 ex
1034 2569 1137 2610 ipsis,
1158 2569 1240 2609 quis
1257 2569 1390 2601 fuisset
1407 2569 1529 2601 exitus
1547 2579 1689 2608 eorum,

65 2632 158 2664 quos
175 2624 407 2656 concremari
424 2624 617 2661 vidissent,
637 2624 806 2656 dicerent
823 2624 961 2656 obiisse
979 2624 1015 2655 in
1036 2623 1108 2656 flde
1126 2633 1285 2656 erronea
1303 2624 1476 2665 Lutheri;
1503 2626 1691 2666 accepisse

64 2688 110 2712 ex
129 2678 350 2720 quibusdam
367 2679 542 2711 dictitans
567 2688 618 2718 se,
645 2680 682 2711 in
709 2681 878 2712 extremo
904 2680 1092 2711 momento
1118 2679 1300 2712 defecisse
1325 2688 1389 2712 eos
1414 2680 1458 2712 ab
1484 2680 1688 2719 erroribus,

107 2835 155 2879 (1)
179 2835 221 2870 In
248 2836 343 2878 zijne
368 2835 548 2869 Duitschc
572 2837 762 2881 vertaling
785 2840 897 2881 voegt
914 2847 956 2871 er
972 2839 1101 2872 Rabus
1118 2839 1214 2881 (deel
1233 2839 1281 2878 II,
1300 2839 1365 2872 fol.
1393 2840 1456 2873 116
1472 2841 1594 2882 verso)
1612 2841 1660 2883 bij
1682 2851 1689 2873 :

68 2905 84 2919 u
102 2891 250 2925 Etliche
267 2891 464 2934 hystorien
482 2891 643 2931 melden,
663 2903 705 2925 er
730 2904 818 2936 seye
843 2903 900 2926 am
927 2894 1067 2927 dritten
1094 2896 1178 2937 tage
1204 2894 1369 2927 1101113011
1387 2895 1482 2928 auch
1500 2895 1692 2929 offentlich

67 2957 134 2982 vor
147 2946 257 2980 allem
271 2947 380 2980 volck
396 2947 599 2980 verbi-aunt
616 2949 781 2982 worden.
802 2965 818 2977 υ

1551 3052 1589 3085 14
