2096 3481
337 234 399 266 248
1032 233 1170 268 ANNO
1198 233 1280 266 1524

335 355 373 376 sc
391 344 531 377 semble
550 345 688 377 mieulx
703 343 785 386 ’que
810 345 865 377 les
882 347 1062 386 evesques
1079 355 1127 378 ou
1151 355 1229 379 mes
1246 345 1438 384 consaulx,
1457 355 1600 379 comme
1625 347 1673 379 du
1698 348 1818 388 temps
1833 349 1955 389 passe,

334 400 574 441 cognoissent
599 401 663 432 des
692 400 783 432 abus
812 401 850 432 et
873 409 1024 433 erreurs
1049 401 1094 433 de
1118 401 1194 443 foy,
1220 410 1291 442 que
1315 401 1537 442 pourroient
1561 403 1757 434 seurvcnir
1774 411 1821 435 en
1836 403 1954 436 mesd.

336 464 425 495 pays
444 455 487 485 de
504 455 670 498 pardeld,
696 464 788 486 vous
813 455 848 487 le
871 464 1030 496 pourrez
1047 456 1152 497 ainsy
1170 457 1264 488 faire
1290 457 1458 496 dresser3
1486 457 1523 488 ct
1547 456 1581 488 16
1607 458 1831 499 trouveroye
1856 458 1956 490 aussi

335 509 419 545 bon,
439 509 561 541 voires
585 509 667 550 plus
694 509 912 548 lwmrnblo,
940 519 1010 551 que
1039 510 1074 543 16
1101 512 1265 552 premier
1293 511 1494 551 expedient
1523 512 1624 553 dung
1652 513 1786 553 expres
1803 513 1957 553 inquisi-

334 568 427 601 leur,
448 565 510 604 qui
529 566 645 596 scroit
662 574 734 597 une
751 565 864 597 chose
883 565 1056 598 nouvelle
1075 567 1158 598 aud.
1179 566 1348 606 quarticr
1365 567 1409 597 dc
1430 565 1476 597 la.

375 620 421 651 Et
438 629 508 660 que
527 621 548 652 a
564 630 604 651 ce
634 630 705 660 que
735 620 970 661 m'escripvez
999 630 1071 661 que
1095 621 1187 653 ledit
1204 621 1317 653 Hulst
1341 620 1427 653 s’est
1451 622 1587 653 avance
1612 621 1758 653 vouloir
1784 622 1958 655 falciffier

333 684 408 715 ung
426 676 506 707 acte
524 676 571 706 du
598 676 773 707 (liffercnt
791 675 932 708 d’entre
950 675 1004 707 les
1034 675 1252 708 Hollandois
1281 677 1317 707 ot
1345 675 1409 716 luy
1427 676 1584 716 expedie
1606 685 1674 717 par
1702 676 1955 717 l'audiencier,

331 739 421 761 vous
439 740 484 761 en
514 731 612 762 ferez
636 731 731 762 faire
750 729 785 761 la
808 731 1024 771 reparation
1043 732 1080 762 et
1103 731 1301 772 pugnition
1320 729 1408 763 telle
1438 730 1526 771 qu'il
1555 731 1767 772 appartient
1793 733 1831 764 et
1858 733 1958 765 trou-

333 794 438 816 vcrez
456 786 555 817 estre
579 786 597 817 a
615 785 711 817 faire
726 793 823 826 pour
846 785 880 817 le
898 786 1052 823 service,
1073 794 1158 818 sans
1174 788 1383 826 permectre
1401 785 1616 818 simulation
1633 795 1729 827 pour
1744 787 1893 828 respect
1909 787 1957 820 du

330 849 425 881 pape
443 841 630 882 trespasse
648 850 695 872 ou
709 841 816 872 autre
828 841 959 873 faveur
973 849 1044 881 que
1061 840 1155 873 ledit
1171 841 1216 873 de
1233 841 1346 873 Hulst
1361 841 1487 882 poroit
1500 841 1604 873 avoir
1619 850 1704 874 vers
1718 851 1759 874 sa
1775 841 1954 874 Saintete.

678 918 937 958 Rijksarchief
960 918 996 950 te
1013 918 1181 956 Brussel,
1209 917 1540 962 Correspondance,
1560 918 1642 951 (1661
1659 918 1689 957 1,
1707 918 1773 951 fol.
1800 918 1956 960 175-1763

724 972 969 1014 gedeeltelijk
985 973 1188 1016 afgedrukt
1202 974 1251 1015 bij
1271 973 1453 1011 Gachard‚
1476 973 1654 1007 Bulletins
1671 973 1716 1007 de
1736 972 1960 1008 l'Academie

721 1027 850 1070 royale
866 1027 911 1061 de
926 1028 1118 1072 Belyique,
1137 1029 1172 1061 20
1188 1029 1313 1068 reeks,
1334 1029 1416 1062 deel
1434 1029 1583 1068 XLVII,
1602 1029 1674 1061 blz.
1692 1028 1767 1062 838.

1083 1177 1199 1221 189.

400 1311 538 1355 1524,
567 1305 783 1348 Jcmuarz'
813 1311 886 1356 17,
914 1306 1126 1360 (Rome.)
1164 1303 1408 1345 Uittreksel
1449 1302 1514 1346 uit
1551 1316 1657 1346 eene
1699 1303 1830 1347 breve
1872 1317 1957 1347 van

328 1391 434 1433 paus
466 1377 663 1421 Clemens
688 1377 770 1419 VII
803 1380 867 1420 tot
889 1377 1035 1419 keizer
1056 1378 1190 1420 Karel
1223 1378 1393 1433 gericht
1415 1392 1483 1420 om
1519 1378 1617 1420 hem
1638 1378 1783 1435 zijnen
1807 1380 1954 1435 legaat

326 1446 556 1488 kardinaal
594 1447 787 1489 Laurens
825 1446 1053 1501 Campegio
1089 1460 1174 1489 van
1210 1446 1264 1489 Ste
1287 1447 1520 1491 Anastasia
1556 1460 1639 1489 aan
1679 1452 1720 1491 te
1754 1447 1951 1500 bevelen‚

328 1518 394 1560 die
431 1531 539 1560 naar
581 1517 860 1560 Duitschland
897 1517 1120 1573 gezonden
1155 1518 1296 1562 wordt
1334 1532 1402 1561 om
1444 1520 1709 1574 maatregels
1737 1523 1868 1575 tegen
1902 1520 1954 1562 de

329 1586 597 1629 Luthersche
619 1585 794 1642 ketterij
830 1590 875 1629 te
908 1600 1080 1629 nemen.
1109 1611 1163 1617 —
1188 1587 1334 1630 Onder
1360 1588 1552 1630 anderen
1577 1587 1745 1632 smeekt
1766 1589 1818 1631 de
1840 1590 1954 1632 Paus

328 1655 407 1698 den
434 1655 604 1706 Keizer,
637 1655 710 1698 dat
742 1655 802 1712 hij
828 1655 871 1697 in
896 1656 1007 1712 zijne
1030 1655 1207 1713 talrijke
1230 1656 1494 1712 bezittingen
1531 1657 1607 1700 het
1640 1658 1788 1700 zuiver
1811 1657 1960 1713 geloof

329 1724 559 1766 handhave
582 1738 635 1766 en
660 1724 743 1766 den
766 1724 1003 1766 Kardinaal
1028 1724 1312 1780 behulpzaam
1342 1726 1509 1781 gelieve
1542 1728 1586 1768 te
1609 1726 1711 1782 zijn.

372 1817 555 1855 Quoniam
572 1811 760 1858 majestati
779 1818 865 1849 tuae
882 1818 957 1849 tam
974 1817 1078 1858 prius
1096 1818 1134 1849 in
1148 1818 1269 1850 felicis
1286 1819 1560 1850 recordationis
1574 1818 1739 1851 Leonem
1754 1828 1889 1860 papam
1906 1820 1952 1852 X.

327 1873 670 1912 praedecessorem,
697 1874 735 1905 et
759 1872 964 1904 secundum
988 1882 1139 1905 carnem
1162 1873 1373 1914 patruelem
1398 1874 1581 1912 nostrum,
1606 1874 1645 1906 et
1667 1873 1764 1906 hanc
1788 1875 1954 1910 sanctam

327 1928 453 1959 sedem
485 1927 647 1968 publice,
681 1937 792 1968 quam
824 1928 862 1959 in
902 1937 968 1960 nos
1008 1928 1046 1959 in
1085 1928 1294 1960 minoribus
1334 1929 1551 1967 existentes,
1586 1938 1628 1960 36
1655 1929 1772 1961 totam
1804 1929 1955 1962 domum

329 1985 494 2014 nostram
511 1983 686 2023 privatim
703 1983 896 2023 perpetuis
922 1983 1055 2014 officiis
1080 1992 1122 2014 ac
1146 1984 1339 2015 beneficiis
1363 1983 1568 2024 plurimum
1586 1984 1696 2016 antea
1713 1984 1953 2026 deberemus3

329 2038 433 2069 auxit
460 2046 580 2078 nuper
607 2039 663 2069 tot
691 2038 805 2069 animi
834 2038 953 2070 nostri
981 2047 1099 2070 nexus
1129 2038 1287 2071 dilectus
1313 2038 1412 2070 filius
1437 2038 1575 2070 nobilis
1598 2039 1656 2070 vir
1679 2039 1952 2078 Ferfflnandus,

328 2092 510 2124 archidux
533 2092 721 2131 Austriae,
747 2094 866 2125 frater
890 2102 1092 2135 germanus
1117 2094 1215 2132 tuus,
1242 2094 1305 2134 qui
1329 2093 1500 2134 pluribus
1526 2094 1571 2125 ad
1595 2103 1663 2126 nos
1689 2094 1955 2126 amantissimis

328 2149 438 2187 atque
457 2148 742 2180 officiosissimis
759 2149 909 2189 scriptis
933 2148 1055 2181 literis
1079 2158 1163 2180 cum
1188 2158 1267 2187 suo,
1288 2150 1366 2181 tum
1390 2149 1613 2190 praesertim
1629 2149 1836 2190 majestatis
1853 2150 1952 2189 tuae,

327 2203 434 2243 qu'us
458 2203 494 2234 in
522 2203 722 2235 Germania
745 2204 926 2235 vicarium
951 2204 1041 2246 agit,
1062 2204 1224 2242 nomine,
1245 2204 1290 2236 (16
1314 2205 1412 2236 statu
1436 2203 1538 2235 illius
1562 2204 1790 2244 provinciae,
1810 2213 1898 2237 sane
1923 2205 1955 2237 si

328 2267 491 2298 unquam
516 2257 608 2289 alias
634 2258 679 2289 ob
708 2258 920 2290 haereticos
948 2259 1184 2291 Lutheranos
1212 2258 1441 2297 turbulento,
1469 2259 1506 2291 et
1529 2259 1714 2291 conventu
1741 2259 1954 2300 principum

328 2313 616 2355 Norimbergam
633 2313 774 2344 indicto
789 2314 1087 2352 commonefecit,
1102 2314 1238 2354 pieque
1252 2313 1388 2346 obtulit
1400 2322 1468 2354 pro
1482 2315 1610 2345 sancta
1626 2314 1699 2346 fide
1717 2315 1754 2346 et
1770 2314 1954 2356 dignitate

327 2367 439 2408 huJ'us
463 2369 562 2400 sedis
587 2369 728 2401 tuenda
751 2378 900 2401 omnem
925 2378 1033 2410 opem
1058 2370 1169 2409 atque
1194 2377 1347 2410 operam
1371 2377 1488 2401 suam.
1515 2369 1655 2401 Postea
1681 2370 1806 2402 autem
1832 2368 1953 2402 literis

329 2431 402 2454 non
427 2424 624 2455 contentus
649 2422 828 2456 dilectum
851 2423 970 2455 filium
998 2424 1153 2456 Petrum
1178 2425 1223 2456 de
1247 2424 1430 2462 Corduba,
1461 2433 1570 2456 suum
1597 2433 1814 2465 supremum
1840 2425 1951 2456 scuti-

329 2478 461 2519 ferum,
481 2477 608 2511 dilecti
625 2478 693 2510 filii
711 2478 848 2510 nobilis
865 2479 936 2510 viri
954 2479 1057 2511 ducis
1076 2478 1235 2512 Suessae
1259 2479 1315 2511 tui
1340 2479 1437 2520 apud
1462 2488 1529 2510 nos
1554 2479 1714 2511 oratoris
1732 2488 1952 2521 germanum

328 2533 496 2570 fratrem,
523 2533 568 2565 ob
593 2534 741 2565 easdem
759 2542 889 2565 causas
914 2534 960 2565 ad
984 2543 1051 2566 nos
1075 2534 1188 2572 misit,
1215 2534 1431 2574 addiditque
1457 2543 1570 2575 super
1587 2542 1631 2566 ea
1645 2542 1687 2566 re
1703 2533 1766 2575 pia
1781 2533 1950 2573 consilia,

328 2597 434 2628 quae,
454 2588 630 2628 quoniam
647 2588 828 2620 salutaria
849 2590 1066 2630 appareant,
1085 2599 1153 2621 nos
1178 2591 1403 2630 sequuturos
1428 2589 1668 2621 affirmamus.
1687 2588 1819 2630 Itaque
1836 2589 1950 2622 unde-

327 2652 485 2683 cumque
513 2643 619 2675 nobis
648 2644 794 2676 constat
820 2644 941 2684 pietas
969 2646 1007 2676 et
1033 2644 1298 2677 benevolentia
1323 2644 1531 2685 majestatis
1559 2645 1658 2681 tuae,
1689 2653 1784 2684 quae
1816 2645 1854 2676 et
1883 2653 1952 2685 per

328 2707 367 2730 se
393 2699 430 2729 et
456 2707 524 2738 per
551 2708 637 2730 suos
666 2708 855 2739 nunquam
883 2700 929 2732 de
953 2700 1060 2732 nobis
1086 2701 1197 2740 atque
1221 2700 1291 2732 hac
1315 2701 1443 2731 sancta
1466 2700 1554 2732 sede
1577 2699 1788 2740 promereri
1811 2700 1949 2740 cessat3

328 2762 551 2793 quamquam
580 2763 652 2785 non
681 2754 804 2785 minus
832 2756 869 2786 te
897 2754 1105 2796 imperialis
1133 2755 1316 2788 celsitudo
1345 2755 1457 2795 atque
1489 2754 1652 2786 officium
1683 2754 1788 2786 tuum
1819 2763 1841 2786 a
1871 2755 1950 2787 Deo

329 2808 395 2838 tibi
420 2809 628 2849 injunctum
656 2809 701 2840 ad
729 2809 822 2841 haec
849 2810 931 2850 ipsa
956 2809 1137 2851 impellat,
1166 2819 1235 2851 pro
1264 2809 1398 2850 quibus
1427 2819 1494 2841 nos
1522 2809 1591 2841 tibi
1618 2809 1756 2841 debere
1779 2809 1950 2841 volumus

329 2865 365 2894 et
395 2847 567 2895 fatemur.
601 2864 650 2895 Es
683 2864 782 2896 enim
814 2873 835 2896 a
863 2865 940 2896 Deo
970 2864 1151 2897 altissimo
1185 2865 1357 2896 omnibus
1389 2865 1466 2896 suis
1498 2863 1670 2896 fidelibus
1699 2864 1737 2895 in
1765 2863 1950 2896 saeculari

327 2919 511 2958 potestate
538 2919 786 2960 praepositus,
818 2919 1048 2960 adeptusque
1077 2929 1116 2952 es
1142 2920 1212 2952 Dei
1233 2928 1401 2958 munere,
1427 2919 1580 2960 praeter
1602 2918 1815 2951 Romanum
1837 2918 1950 2960 impe-
