2096 3481
336 300 401 333 420
1024 295 1161 330 ANNO
1187 295 1270 328 1525

337 409 390 441 sic
423 408 570 441 dicente
601 407 749 441 Christo
767 407 815 449 (1)
844 416 853 439 t
880 419 896 433 ιι
922 406 1116 439 Attendite
1141 414 1189 439 nc
1213 405 1327 438 corda
1348 405 1474 438 vestra
1504 404 1710 447 graventur
1736 402 1891 446 crapula
1924 403 1963 437 et

337 463 520 496 ebrietate
538 464 576 496 ct
591 463 690 495 curis
708 462 819 495 huius
835 460 990 495 sacculi.
1008 476 1024 490 ν»

378 517 592 551 Montanus.
612 517 738 559 Negas
755 517 873 560 igitur
889 515 1133 549 ieiunandum
1151 517 1259 549 esse?

387 571 603 606 Wordenas.
623 573 921 613 Haudquaquam
937 581 944 603 ε
968 571 1057 612 quin
1075 571 1200 612 potius
1214 571 1251 603 id
1268 570 1362 609 volo,
1381 570 1423 602 ut
1439 569 1569 612 ieiunij
1589 569 1698 602 istius
1716 567 1962 602 ecclesiastici

333 628 558 671 religionem
583 638 627 661 ex
655 628 871 670 Scripturae
896 627 989 659 mihi
1014 626 1244 660 authoritate
1268 627 1436 668 probetis
1455 636 1463 658 :
1482 635 1597 667 quum
1621 625 1762 659 Paulus
1787 625 1964 667 obiurget

332 683 483 716 Galatos
497 683 557 725 (2),
577 683 676 724 quod
694 683 774 716 dies
792 683 1048 721 observarent,
1067 691 1215 715 menses
1240 683 1278 715 et
1301 683 1483 724 tempora,
1511 682 1549 714 et
1571 689 1733 724 regnum
1757 679 1828 713 Dei
1849 680 1964 722 neget

331 747 413 772 esse
430 739 468 771 in
486 738 568 771 cibo
587 740 625 771 et
641 739 741 780 potu.

376 792 634 827 Enchusanus.
654 793 853 826 Caeterum
870 792 941 825 hoc
959 792 1175 825 meminisse
1195 792 1321 830 debes,
1340 791 1474 825 harum
1490 800 1619 824 rerum
1644 790 1963 833 dispensationem

335 848 517 882 ecclesiae
548 848 780 891 primoribus
807 848 1061 881 concreditam
1090 855 1186 885 esse,
1217 847 1280 888 qui
1312 847 1411 888 quod
1444 847 1659 886 decrevere,
1693 845 1789 888 legis
1818 845 1964 878 obtinet

334 905 517 947 vigorem.

378 958 634 993 Rosemundus
651 959 712 1001 (3).
746 959 905 992 Domine
937 958 1080 995 doctor,
1113 958 1186 990 ista
1217 957 1419 999 disputatio
1451 957 1491 990 in
1523 956 1680 1000 longum
1711 955 1960 999 procederet3

333 1016 569 1048 revertamur
586 1015 632 1048 ad
649 1015 863 1047 institutum
880 1013 1076 1047 ecclesiae.
1193 1004 1198 1010 ’

376 1069 589 1103 Montanus.
609 1069 731 1107 Quid?
748 1069 870 1102 credis
888 1069 1001 1102 etiam
1018 1063 1262 1110 quaecunque
1280 1068 1400 1101 credit
1417 1067 1577 1102 00010513
1593 1067 1799 1101 catholica?

383 1124 601 1159 lVordenas.
622 1125 756 1158 Credo.

380 1180 583 1214 Montanus
599 1180 661 1222 (4).
685 1180 805 1213 Recte
833 1178 957 1212 isthuc
985 1180 1042 1212 est
1067 1188 1074 1211 :
1105 1179 1136 1211 si
1165 1179 1218 1212 510
1248 1178 1428 1221 loquaris,
1459 1179 1582 1212 tecum
1610 1187 1684 1211 non
1711 1176 1963 1220 pugnabimus

335 1244 579 1278 magnopere.

378 1289 635 1325 Enchusanus.
656 1290 753 1330 Quid
770 1292 896 1325 autem
913 1291 1030 1324 sentis
1049 1291 1093 1324 de
1111 1290 1271 1324 00010513
1286 1290 1483 1324 Romana?

386 1345 604 1380 Wordenas.
624 1346 743 1379 Idem.

381 1401 593 1435 Montanus.
614 1402 758 1443 Nempe
776 1402 1001 1434 servandum
1019 1410 1113 1440 esse,
1133 1401 1309 1442 quicquid
1326 1401 1393 1434 illa
1407 1400 1669 1442 praeceperit?

388 1456 606 1491 IVordenas.
631 1457 803 1489 Romana
830 1456 990 1489 ecclesia
1021 1466 1095 1489 non
1130 1458 1187 1489 est
1221 1456 1437 1498 imperiosa,
1464 1465 1585 1496 neque
1613 1455 1762 1497 legibus
1786 1453 1873 1486 ullis
1898 1462 1965 1486 nos

338 1513 470 1545 onerat
485 1522 492 1544 :
512 1512 577 1545 sed
595 1512 722 1545 obedit
738 1511 957 1554 Evangelio,
977 1511 1038 1544 cui
1055 1512 1093 1544 et
1110 1512 1218 1545 docet
1236 1511 1520 1544 auscultandum
1539 1520 1620 1543 esse
1635 1510 1694 1552 (5).

381 1566 639 1601 Enchusanus.
674 1567 755 1599 Hoc
787 1566 919 1600 saltem
955 1576 1096 1609 negare
1132 1576 1206 1599 non
1245 1567 1366 1608 potes,
1399 1566 1656 1600 caeremonias
1692 1564 1966 1598 ecclesiasticas

334 1623 541 1665 prudenter
568 1623 761 1655 institutas
788 1631 883 1661 esse,
910 1622 949 1654 ut
974 1631 1020 1654 ne
1049 1622 1310 1663 torpescerent
1337 1621 1509 1653 homines
1534 1621 1573 1653 in
1598 1621 1723 1653 divino
1749 1619 1864 1652 cultu.
1891 1618 1967 1651 Per

335 1678 477 1711 ieiunia
505 1678 616 1715 enim,
644 1678 723 1711 dies
750 1678 920 1714 feriatos,
945 1686 1077 1718 preces
1105 1676 1289 1715 horarias,
1317 1677 1592 1709 confessionem
1622 1677 1659 1709 et
1685 1675 1866 1718 pleraque
1893 1673 1967 1706 alia

336 1733 480 1766 resides
496 1732 690 1765 hominum
708 1732 823 1765 animi
840 1732 1065 1769 excitantur,
1084 1732 1309 1773 praesertim
1326 1731 1398 1764 1100
1414 1732 1584 1772 tempore
1601 1730 1817 1769 novissimo,
1835 1729 1875 1761 in
1892 1738 1964 1770 quo

334 1789 486 1821 refrixit
508 1788 685 1826 charitas,
705 1789 813 1820 aucta
830 1789 887 1820 est
903 1787 1103 1828 iniquitas3
1128 1787 1193 1824 ita,
1212 1788 1253 1819 ut
1271 1786 1432 1819 stimulis
1449 1787 1487 1819 et
1503 1785 1712 1818 calcaribus
1728 1785 1856 1827 legum
1873 1793 1965 1826 opus

335 1842 551 1876 habeamus.
568 1843 674 1881 Quod
689 1843 720 1875 si
734 1843 1021 1883 antiquarentur
1034 1841 1127 1875 11300
1144 1842 1281 1880 01111113,
1298 1851 1392 1883 quae
1410 1841 1561 1874 tandem
1576 1841 1705 1873 futura
1720 1840 1769 1872 sit
1784 1838 1966 1873 eeclesiae

336 1898 545 1931 catholicae
561 1898 699 1930 facies?

386 1952 604 1987 Wordenas.
621 1953 722 1986 Deus
735 1953 846 1992 bone,
864 1962 974 1994 quam
992 1953 1140 1994 stupide
1154 1953 1455 1985 ratiocinamini?
1472 1952 1529 1985 An
1547 1961 1621 1984 non
1638 1950 1785 1993 legistis
1803 1958 1966 1991 unquam

338 2009 436 2051 quod
460 2008 621 2041 hilarem
646 2009 816 2041 datorem
840 2008 965 2050 diligit
989 2008 1090 2041 Deus
1105 2008 1175 2049 (6)?
1200 2007 1297 2045 Quid
1324 2008 1443 2050 igitur
1467 2008 1503 2039 vi
1526 2006 1623 2050 legis
1647 2008 1798 2039 metune
1822 2013 1966 2047 poenae

336 2064 472 2106 cogitis
501 2065 709 2097 cessatores
738 2064 830 2096 istos
863 2064 909 2096 ad
936 2063 1104 2097 laborem
1130 2062 1224 2095 nihil
1249 2063 1513 2104 profuturum?
1539 2075 1554 2088 «ι
1582 2061 1718 2095 Servus
1742 2070 1816 2093 non
1841 2060 1968 2093 manet

335 2119 373 2152 in
399 2120 507 2152 domo
533 2120 571 2151 in
597 2120 792 2152 aeternum
811 2119 872 2161 (7).
901 2134 916 2146 „
944 2118 1039 2150 Tum
1063 2118 1283 2159 neutiquam
1307 2118 1414 2159 paria
1435 2118 1522 2150 sunt
1546 2126 1673 2159 opera,
1700 2125 1795 2157 quae
1823 2115 1896 2157 ipsi
1920 2124 1965 2147 ex

335 2175 441 2207 nobis
470 2173 788 2207 comminiscimur
817 2175 854 2206 et
882 2173 966 2214 aliJ's
998 2173 1248 2211 obtrudimus,
1276 2182 1359 2205 cum
1387 2173 1447 2214 ijs,
1475 2182 1570 2214 quae
1598 2172 1706 2204 nobis
1731 2171 1858 2203 divina
1879 2169 1966 2211 lege

332 2229 653 2271 praescribuntur.
674 2228 780 2266 Quod
798 2229 830 2261 si
852 2228 1055 2265 Abraham,
1075 2228 1241 2260 omnium
1259 2228 1496 2260 credentium
1519 2228 1628 2269 pater
1642 2226 1702 2269 (8),
1722 2235 1769 2259 ex
1786 2225 1965 2267 operibus

335 2284 432 2327 legis
448 2284 686 2324 iustificatus,
702 2293 776 2316 non
794 2283 908 2316 habet
925 2284 1023 2325 quod
1041 2282 1228 2325 glorietur
1246 2283 1343 2324 apud
1358 2283 1492 2321 Deum,
1507 2281 1752 2314 multominus
1771 2279 1963 2319 iustitiarij

333 2339 397 2372 isti
420 2340 536 2372 vestri
564 2338 706 2372 habent
733 2339 833 2379 quod
864 2338 1078 2381 glorientur
1107 2338 1205 2379 apud
1234 2338 1355 2371 Deum
1382 2347 1429 2370 ex
1455 2336 1772 2380 permurmuratis
1800 2333 1967 2377 preculis

333 2393 510 2436 horarijs‚
530 2403 575 2428 ex
593 2394 747 2435 ieiunijs
766 2394 803 2427 et
818 2393 969 2436 frigidis
987 2393 1065 2426 suis
1082 2393 1346 2435 caeremonijs.

382 2615 428 2656 (l)
454 2614 500 2648 In
523 2615 696 2658 marqz’ne
714 2622 721 2646 :
741 2612 877 2651 Lucae,
897 2612 951 2645 22.

381 2671 429 2711 (2)
518 2667 624 2702 Idem
715 2678 722 2701 z
740 2668 798 2702 Ad
815 2667 978 2707 Galatos,
997 2669 1029 2700 4.

382 2725 428 2766 (3)
518 2723 624 2757 Idem
715 2732 722 2756 :
742 2723 966 2756 Commodus
984 2723 1192 2765 diremptor
1208 2719 1300 2755 litis.

382 2780 430 2820 (4)
519 2777 622 2812 Idem
714 2788 720 2810 :
739 2778 938 2811 Insidiose.

385 2834 431 2874 (5)
521 2833 624 2866 Idem
715 2843 722 2866 ε
742 2834 898 2866 Piorum
915 2832 1111 2882 ecclesiam
1128 2830 1309 2875 intelligit
1326 2833 1424 2874 apud
1440 2832 1645 2865 Romanos.

384 2887 432 2928 (6)
522 2887 625 2921 Idem
717 2896 724 2920 ε
744 2888 915 2921 Secunda
931 2888 977 2920 ad
994 2885 1249 2926 Corinthinos,
1267 2888 1300 2920 9.

385 2942 431 2982 (7)
521 2941 626 2975 Idem
716 2952 724 2975 τ
742 2943 913 2983 Joannis,
931 2942 964 2975 8.

385 2995 432 3037 (8)
521 2995 625 3030 Idem
716 3004 723 3028 :
743 2997 799 3031 Ad
815 2998 1019 3036 Romanos,
1037 2999 1068 3030 4.
1934 2995 1964 3035 ,”’Ῑ,“
