2096 3481
808 268 944 305 ANNO
964 269 1047 302 1525
1695 268 1758 302 439

119 394 201 418 esse
226 383 432 422 violandas,
457 382 522 415 sed
546 381 604 415 vol
630 379 954 417 1iccessarias.vcl
979 378 1202 418 laudabiles,
1231 379 1417 420 quatenus
1443 379 1513 412 Dei
1539 378 1654 412 verbo
1680 388 1756 412 non

119 441 378 479 adversentur,
396 438 598 472 habendas.
620 452 636 466 n

161 495 373 529 Montanus.
393 495 496 528 Bene
514 495 582 526 est.

160 549 419 585 Enchzcsanus.
442 548 537 589 Quid
555 549 674 591 igitur
692 548 809 580 sentis
835 547 880 580 de
904 547 1022 580 vetito
1048 547 1217 579 carnium
1244 555 1309 579 esu
1328 546 1366 578 in
1385 546 1758 588 quadragesima20)

168 605 386 639 Wordenas.
402 605 547 642 Videte,
568 613 719 646 quaes0,
740 612 851 646 quam
869 603 942 635 cito
961 602 1163 644 stipulatae
1177 601 1269 634 mihi
1285 601 1372 634 fidei
1388 600 1509 640 obliti,
1525 601 1757 643 pertrahatis

116 671 175 696 me
194 662 239 695 ad
257 660 491 704 singularia?

159 715 417 751 Enchusanus.
450 714 576 749 Facile
610 715 717 748 nobis
749 714 993 757 responderis
1022 714 1228 746 secundum
1257 712 1350 745 haec
1377 712 1441 745 tua
1470 712 1623 754 scripta,
1656 712 1757 753 quod

114 772 273 815 placeat.

166 827 385 862 Wordenas.
406 826 537 860 Sinon
562 827 644 859 sitis
669 826 838 858 contenti
863 825 932 858 hac
958 824 1170 858 sententiae
1194 832 1300 856 meae
1326 823 1533 861 notatione,
1554 831 1600 855 en
1618 831 1755 856 revoco

115 883 293 925 quicquid
309 883 420 914 modo
440 881 546 914 vobis
565 881 712 913 donavi.

158 937 417 972 Enchusanus.
445 937 537 970 Cum
563 937 698 969 dubius
726 931 834 968 nobis
860 937 946 968 tuus
974 936 1022 968 sit
1053 935 1213 972 animm,
1244 942 1430 976 quaenam
1463 933 1606 966 iniuria
1632 934 1692 972 sit,
1726 933 1758 966 si

112 994 236 1036 ipsum
252 994 534 1036 pertentemus?

162 1048 380 1083 Wordenas.
401 1049 481 1082 Nae
498 1048 591 1081 milii
617 1048 715 1080 iuste
734 1057 753 1080 a
770 1047 875 1079 vobis
894 1055 1043 1088 semper
1067 1046 1198 1084 metui,
1219 1046 1283 1087 qui
1300 1055 1374 1078 non
1401 1044 1474 1077 nisi
1492 1043 1752 1077 calumniandi

113 1114 241 1138 ansam
258 1105 295 1137 in
313 1113 373 1138 me
390 1104 564 1146 captatis.

155 1159 412 1194 Enchusanus.
440 1160 491 1192 Ut
515 1169 583 1191 nos
608 1159 666 1191 vel
693 1159 856 1191 maxime
882 1158 1050 1190 contenti
1075 1158 1204 1194 simus,
1230 1156 1506 1199 providendum
1531 1157 1589 1188 est
1613 1156 1753 1193 tamen,

111 1217 153 1249 ut
179 1216 224 1258 ijs
253 1216 366 1248 etiam
394 1216 485 1248 satis
514 1215 591 1251 fiat,
623 1215 686 1255 qui
715 1224 783 1246 nos
811 1214 899 1246 huic
927 1213 1166 1254 inquisitioni
1194 1212 1393 1245 intendere
1421 1211 1637 1244 voluerunt.
1667 1211 1753 1243 Non

111 1273 211 1306 enim
229 1274 359 1304 nostra
375 1273 533 1308 tantum,
549 1271 615 1304 sed
628 1270 780 1303 illorum
799 1279 959 1311 quoque,
980 1271 1017 1302 et
1031 1269 1199 1301 omnium
1217 1268 1517 1301 orthodoxorum
1531 1276 1593 1300 res
1611 1267 1751 1310 agitur.

161 1327 378 1361 Wordenas.
409 1327 565 1370 Pergite
592 1327 698 1359 vobis
730 1325 872 1358 similes
902 1334 998 1358 esse.
1031 1324 1207 1358 Laterem
1236 1324 1338 1357 enim
1373 1323 1485 1362 lavet,
1519 1323 1583 1364 qui
1614 1332 1680 1355 vos
1709 1322 1755 1355 ad

109 1384 260 1426 frugem
278 1392 457 1416 revocare
477 1383 639 1415 studeat.

153 1438 365 1472 Montanus.
397 1438 488 1471 Cum
516 1437 745 1471 laudabilem
774 1437 969 1469 nobiscum
993 1436 1190 1478 praedices
1222 1434 1406 1468 ecclesiae
1438 1434 1752 1467 consuetudinem

109 1495 266 1536 eiusque
294 1494 517 1527 authoritati
549 1494 776 1532 consentias,
809 1492 1098 1534 haudquaquam
1133 1491 1276 1530 dubito,
1312 1490 1403 1531 quin
1434 1489 1572 1533 religio
1604 1489 1674 1522 tibi
1705 1488 1755 1521 sit

107 1549 304 1592 prohibito
323 1550 368 1583 ab
387 1549 548 1583 ccclesia
567 1550 627 1582 die
645 1549 822 1581 carnibus
840 1549 941 1580 vesci
954 1548 1014 1589 (2).

157 1604 376 1639 Wordenas.
407 1620 422 1632 ιι
442 1606 481 1638 Si
509 1615 594 1638 esca
618 1604 783 1637 offendat
806 1605 965 1637 fratrem
988 1612 1127 1641 meum,
1147 1611 1221 1635 non
1239 1602 1405 1635 adducar
1422 1601 1462 1634 in
1480 1602 1689 1640 aeternum,
1710 1601 1753 1634 ut

108 1662 286 1694 carnibus
304 1671 446 1699 vescar,
467 1677 482 1690 ν’
503 1670 587 1694 cum
606 1660 739 1693 Paulo.

151 1716 410 1751 Enchusanus.
429 1716 525 1755 Quid
545 1717 576 1749 si
594 1716 692 1749 absit
708 1714 875 1748 scandali
889 1714 1052 1756 suspicio
1068 1723 1111 1747 ac
1123 1714 1260 1755 metus,
1275 1713 1495 1755 pariterque
1514 1713 1584 1746 tibi
1602 1712 1750 1746 occasio

106 1782 228 1815 prona
250 1773 392 1806 incidat
414 1772 591 1805 vescendi
615 1771 805 1809 carnibus,
832 1780 921 1803 num
950 1772 987 1804 te
1016 1770 1225 1804 deterrebit
1253 1770 1298 1803 ab
1327 1769 1473 1803 edendo
1503 1767 1752 1803 ecclesiastici

106 1829 301 1871 praecepti
319 1828 481 1871 religio?

156 1883 376 1918 IVordenas.
396 1884 515 1923 Quam
533 1885 657 1917 astute
674 1892 734 1915 mc
753 1882 1022 1925 aggredimini.

151 1938 408 1974 Enchusanus.
429 1940 529 1977 Sine,
550 1940 849 1972 commentemur
865 1937 1074 1979 paululum.

159 1993 378 2029 Wordenas.
405 1995 577 2028 Christus
594 1995 675 2036 ipse
693 1994 798 2026 vobis
815 1993 877 2025 hic
893 1994 1111 2034 respondet,
1136 1993 1199 2034 qui
1216 1993 1390 2035 perhibet
1414 1994 1593 2036 ingenue,
1614 2006 1629 2018 ιι
1649 1992 1748 2033 quod

107 2051 224 2084 intrat
240 2051 279 2084 in
299 2060 352 2090 OS,
373 2061 447 2084 non
465 2051 712 2092 coinquinare
737 2049 899 2081 animam
913 2048 974 2090 (3).
995 2063 1010 2076 n
1037 2049 1085 2080 Et
1109 2049 1337 2090 Apostolus:
1360 2062 1375 2075 u
1395 2049 1478 2081 Non
1505 2050 1563 2081 est
1585 2057 1747 2090 regnum

108 2106 192 2144 Dei,
210 2106 333 2148 inquit
346 2107 407 2149 (4),
434 2116 521 2140 esca
544 2107 582 2139 et
606 2108 730 2147 potus,
751 2120 766 2132 υ
794 2105 832 2137 et
855 2105 947 2137 item
966 2114 973 2136 ε
1004 2117 1019 2130 α
1039 2104 1137 2138 Esca
1160 2114 1228 2137 nos
1253 2114 1327 2137 non
1354 2104 1593 2137 commendat
1618 2104 1711 2136 Deo.
1729 2118 1744 2131 n

107 2161 226 2199 Quid?
243 2163 343 2203 quod
360 2163 460 2196 idem
476 2161 682 2204 Apostolus
699 2162 812 2198 vetat,
833 2161 873 2192 ut
891 2159 1089 2200 quisquam
1108 2169 1176 2193 nos
1194 2160 1338 2193 iudicet
1359 2161 1397 2192 in
1416 2161 1499 2193 cibo
1518 2161 1556 2193 et
1573 2160 1689 2201 potu?

148 2215 408 2251 Enchusanus.
428 2218 533 2250 Nihil
558 2219 595 2250 te
620 2218 772 2249 movent
796 2215 980 2248 ecclesiae
1005 2216 1232 2254 sanctiones,
1259 2217 1440 2257 quantum
1465 2225 1512 2249 ex
1537 2215 1648 2248 dictis
1672 2215 1747 2248 tuis

105 2272 258 2315 colligo.
278 2272 375 2311 Quid
393 2273 513 2316 igitur
529 2273 729 2315 scripsisti,
750 2272 891 2304 statuta
907 2269 1090 2304 ecclesiae
1108 2281 1183 2304 non
1200 2281 1283 2305 esse
1301 2271 1499 2304 violanda?

155 2327 374 2362 Wordenas.
395 2329 451 2362 Ne
470 2329 559 2370 quid
577 2329 726 2366 erretis,
746 2326 867 2360 adieci
886 2335 893 2358 z
916 2340 930 2352 ει
951 2327 1108 2359 temere.
1129 2343 1144 2356 ,γ

148 2383 422 2418 Rosemundus.
442 2384 539 2423 Quid
557 2393 701 2417 sacram
719 2383 973 2426 parasceven?
987 2391 1033 2414 an
1052 2392 1098 2416 ne
1116 2382 1220 2416 illam
1237 2383 1354 2417 habes
1372 2382 1614 2425 religiosam?

154 2438 374 2473 Wordenas.
392 2440 615 2477 Audivistis,
643 2440 743 2481 quod
770 2436 911 2470 Paulus
938 2437 1116 2481 obiurget
1140 2438 1292 2473 Galatas
1310 2439 1370 2481 (5),
1398 2438 1499 2480 quod
1516 2438 1596 2471 dies
1613 2437 1744 2471 obser-

104 2496 250 2533 varent,
269 2503 389 2527 annos
407 2496 445 2528 et
462 2496 646 2537 tempora.

149 2547 410 2584 Enchusanus.
435 2551 517 2584 Hoc
540 2550 636 2583 illud
660 2552 716 2584 est
742 2552 842 2593 quod
867 2552 949 2585 dico
970 2561 977 2584 :
1004 2550 1213 2585 Lutherani
1238 2550 1333 2583 nihil
1359 2550 1528 2592 cupiunt,
1548 2549 1621 2582 nisi
1637 2548 1743 2582 carni

105 2605 318 2648 indulgere.

149 2752 196 2795 (1)
221 2755 268 2787 In
291 2756 464 2798 mar-aine
483 2765 490 2788 :
517 2756 768 2797 Inquisitores
785 2757 931 2799 perfide
948 2757 1130 2790 insidiati.

147 2810 194 2850 (2)
285 2809 392 2844 Idem
487 2820 494 2843 :
522 2812 576 2845 De
595 2813 765 2845 carnium
785 2822 864 2851 esu,
886 2813 986 2850 Cor.,
1005 2812 1036 2846 8.

147 2865 194 2906 (3)
286 2864 392 2898 Idem
485 2877 491 2899 :
520 2867 715 2905 Matthaei,
737 2868 790 2900 15.

149 2921 196 2961 (4)
287 2922 394 2954 Idem
486 2932 493 2954 :
522 2922 680 2960 Coloss.,
698 2922 731 2955 2.

147 2974 196 3018 (5)
286 2975 394 3010 Idem
485 2988 493 3010 2
519 2979 577 3011 Ad
594 2978 758 3017 Galatas,
778 2980 810 3012 4.
