2096 3481
827 277 965 311 ANNo
994 275 1077 311 1522>
1737 279 1781 311 99-

120 384 282 420 ecelesia
299 386 572 424 conceduntur,
592 387 728 429 quibus
752 386 927 420 homines
952 389 1173 429 peccatores
1199 388 1448 421 absolvuntur
1465 398 1485 421 a
1509 389 1618 432 penis
1643 389 1780 422 debitis

120 444 158 475 in
174 443 412 485 purgatorio,
432 445 469 476 et
487 452 614 476 assero
640 452 704 476 eas
720 452 831 484 posse
858 452 1046 475 summum
1070 444 1289 485 pontifis-ein
1315 445 1525 478 concedere
1551 445 1779 478 auctoritate

119 498 190 531 sibi
208 498 388 531 divinitus
406 499 557 537 tradita,
577 500 615 532 et
631 499 717 531 ideo
735 507 897 531 erronee
916 499 994 531 dixi
1012 499 1273 541 indulgentias
1302 509 1385 532 csse
1405 500 1528 532 nullas
1547 502 1585 533 et
1603 510 1677 533 non
1695 510 1779 533 esse

118 554 303 592 efficaces,
334 554 516 595 quinimo,
535 555 670 596 positis
695 553 772 586 illis
796 555 949 595 quaein
973 554 1114 587 litteris
1142 555 1472 597 indulgentiarum
1496 557 1776 597 exprimuntur,

118 609 291 642 efficaces
315 611 404 642 sunt
427 611 465 642 et
489 619 598 642 suum
623 610 837 642 sortiuntur
863 610 1051 649 effectum,
1072 612 1109 643 ct
1133 610 1310 643 solatium
1336 611 1460 644 anime
1486 613 1524 644 et
1547 612 1779 645 conscientie

121 666 208 697 sunt
224 666 449 706 reputando.

166 734 181 747 u
201 720 256 753 De
280 721 428 753 meritis
457 722 583 753 autem
612 723 828 753 sam-torum
855 722 968 753 credo
994 722 1156 754 firmiter
1180 731 1292 763 posse
1321 721 1406 762 alijs
1433 721 1629 764 applicari,
1661 724 1702 755 ut
1732 732 1778 755 ex

118 775 246 808 multis
263 776 436 817 passibus
462 776 575 809 Sacro
601 777 797 818 Scripturc
821 779 997 810 constare
1021 779 1165 818 potestg
1192 778 1292 818 quod
1319 779 1446 810 autem
1473 777 1586 811 aliter
1612 779 1775 810 dixerim

116 830 175 863 vel
191 832 479 873 predicaverim.
499 832 644 872 crravi3
664 832 834 873 quinimo
859 834 1017 873 propter
1043 833 1181 865 merita
1204 834 1423 866 sauctorum
1451 833 1571 866 multa
1594 833 1774 875 impetra-

116 896 234 919 musa
257 887 350 926 Deo,
369 888 470 928 quod
494 887 642 929 possint
666 896 710 920 ea
736 888 843 919 nobis
870 887 1068 929 applicari,
1097 891 1138 920 ut
1165 890 1324 930 propter
1349 897 1481 921 corum
1507 889 1644 921 merita
1670 889 1778 921 nobis

115 951 212 983 pene
230 942 355 975 dcbite
373 942 607 975 relaxentur.
629 942 744 975 Nullo
769 944 880 984 pacto
910 944 1142 976 censendum
1169 946 1226 977 cst
1245 953 1314 976 nec
1332 954 1404 985 ego
1420 944 1497 984 jam
1516 944 1630 977 eredo
1649 944 1779 976 omnia

117 1006 234 1039 opera
257 999 475 1030 sanctorum
503 999 621 1031 fnisse
646 1003 814 1040 peccata,
842 999 1055 1037 indigentia
1078 999 1322 1039 re1nissione3
1354 1000 1419 1031 sed
1445 1000 1559 1032 credo
1586 1000 1624 1032 et
1649 1008 1778 1032 assero

117 1062 234 1095 opera
249 1062 382 1086 eorum
399 1054 516 1086 fuisse
535 1054 588 1086 sie.
606 1054 681 1086 vite
701 1055 832 1086 eterne
851 1055 1060 1092 meritoria,
1077 1055 1178 1095 quod
1203 1055 1306 1086 omni
1331 1054 1443 1096 culpa
1459 1056 1655 1095 carerent;
1676 1055 1776 1095 quod

115 1110 240 1140 antem
258 1108 370 1141 aliter
386 1109 677 1150 predicaverim,
698 1110 835 1145 erravi,
863 1101 979 1151 opera
1005 1113 1224 1142 sanctorum
1251 1111 1488 1153 denigrando
1507 1111 1546 1143 et
1571 1111 1626 1143 cis
1645 1113 1776 1143 contu-

117 1163 269 1196 meliam
286 1164 500 1197 inferendo.

163 1233 179 1246 κ
199 1220 254 1252 De
268 1219 448 1252 thesauro
463 1221 590 1253 autem
606 1220 765 1253 ecclesie
780 1222 893 1253 credo
913 1230 995 1254 esse
1014 1221 1174 1254 ecclesie
1190 1221 1411 1254 thesaurum
1428 1222 1567 1254 merita
1582 1221 1723 1255 Christi
1739 1223 1777 1254 et

117 1277 348 1314 sanctorum,
375 1284 470 1317 quae
494 1278 655 1317 possunt
679 1276 857 1309 fidelibus
887 1276 1083 1318 applicari,
1111 1279 1152 1309 ut
1176 1277 1390 1319 predictum
1416 1279 1494 1317 est3
1522 1278 1622 1318 quod
1649 1281 1775 1310 autem

116 1331 332 1372 oppositum
350 1331 524 1369 dixerim,
544 1332 669 1364 erravi
683 1331 905 1364 thesaurum
923 1332 1083 1365 ecclesie
1099 1333 1327 1365 diminuens.

162 1401 177 1413 α
199 1387 253 1419 De
271 1387 619 1428 condempnatione
639 1389 766 1420 autem
793 1388 1014 1430 apostolica,
1036 1398 1109 1429 qua
1123 1388 1315 1421 Lutherus
1337 1398 1421 1421 cum
1435 1398 1504 1421 suo
1523 1389 1701 1431 dogmate
1720 1393 1777 1422 est

114 1442 325 1479 damnatus,
339 1443 452 1475 credo
467 1445 505 1475 et
523 1452 651 1475 assero
670 1443 788 1476 fuisse
806 1443 1034 1486 legittimam
1052 1443 1130 1486 legi
1147 1445 1230 1483 Dei,
1251 1445 1368 1476 sacris
1386 1444 1558 1477 conciliis
1577 1445 1771 1486 sacrisque

115 1498 334 1530 doctoribus
351 1507 569 1536 consonam,
590 1499 687 1531 sicut
704 1499 743 1530 in
761 1508 846 1532 mea
861 1500 1104 1532 revocatione
1130 1499 1364 1541 peramplius
1383 1500 1483 1540 dixig
1511 1501 1611 1541 quod
1644 1502 1771 1533 autem

115 1554 329 1595 oppositum
346 1553 623 1595 predicaverim
640 1553 699 1586 vel
718 1554 892 1593 dixerim,
908 1555 1025 1597 impie
1043 1556 1167 1588 erravi
1200 1557 1238 1588 et
1255 1557 1496 1588 sacrosancte
1515 1556 1604 1588 fldci
1621 1558 1773 1598 aposto-

114 1608 186 1642 lice
203 1609 383 1650 injuriam
402 1609 606 1642 temerarie
625 1609 751 1642 intuli.

158 1679 173 1691 u
193 1665 248 1698 De
264 1664 386 1697 libero
405 1666 531 1697 autem
549 1665 707 1698 arbitrio
733 1666 848 1699 credo
867 1667 904 1699 et
921 1675 1063 1705 assero,
1084 1667 1184 1707 quod
1211 1667 1331 1699 active
1358 1667 1554 1699 concurrit
1582 1668 1620 1699 et
1645 1668 1774 1710 coagit

116 1721 162 1752 ad
187 1721 294 1753 actus
326 1721 446 1752 bonos
470 1719 610 1761 libere3
638 1722 739 1762 quod
764 1723 890 1754 autem
917 1722 1029 1754 aliter
1055 1723 1217 1754 dixerim
1242 1722 1300 1755 vel
1325 1723 1614 1764 predieavcrim,
1633 1723 1770 1760 erravi,

113 1777 290 1809 auferens
333 1775 445 1809 liberi
473 1777 622 1809 arbitrii
651 1776 867 1810 libertatem
896 1780 1030 1810 eontra
1057 1778 1210 1810 Sacram
1241 1777 1481 1820 Scripturam
1510 1780 1548 1811 et
1576 1787 1772 1811 sacrorum

114 1832 311 1864 doctorum
329 1832 554 1864 doctrinam.

159 1902 175 1914 u
195 1888 251 1920 De
269 1888 448 1930 operibus
466 1889 591 1920 autem
609 1887 721 1921 liberi
739 1889 890 1922 arbitrii
907 1889 1021 1922 credo
1040 1899 1114 1922 non
1134 1890 1261 1922 omnia
1278 1899 1362 1922 esse
1379 1891 1546 1931 peccata,
1563 1890 1630 1923 sed
1642 1889 1771 1931 aliqua

113 1953 196 1976 esse
223 1944 299 1976 vite
339 1944 494 1976 aeterne
522 1945 721 1976 meritoria
764 1945 906 1986 absque
939 1945 1067 1986 aliqua
1099 1945 1211 1987 culpa
1241 1947 1279 1977 et
1310 1954 1380 1987 per
1411 1954 1648 1986 consequens
1696 1955 1770 1978 non

111 1999 330 2041 indigencia
356 2000 620 2033 misericordia
646 2001 884 2034 remittente:
905 2001 1004 2042 quod
1038 2002 1165 2033 autem
1183 2001 1295 2034 aliter
1325 2001 1487 2033 dixerim
1516 2000 1575 2033 vel
1605 2001 1772 2042 predica-

111 2055 243 2094 verim,
263 2056 386 2088 erravi
404 2056 518 2097 impie
536 2057 574 2087 et
591 2055 812 2088 scandaloso
830 2056 868 2088 in
888 2056 962 2089 tide
979 2060 1015 2088 et
1034 2057 1217 2090 moribus.
1234 2057 1319 2089 Non
1337 2057 1452 2089 credo
1472 2057 1571 2097 quod
1590 2057 1770 2097 quicquid

114 2111 226 2143 homo
244 2112 333 2153 agat
353 2113 440 2143 ante
458 2112 619 2153 gratiam
643 2112 928 2151 justificantem,
947 2114 1099 2153 peccet:
1120 2113 1208 2151 imo,
1225 2112 1306 2145 sine
1331 2113 1486 2154 peccato
1511 2115 1642 2153 posset
1666 2121 1706 2144 sc
1724 2113 1769 2143 ad

111 2167 275 2209 gratiam
301 2167 502 2208 disponere
528 2171 565 2199 et
594 2167 712 2199 multa
739 2176 855 2209 opera
882 2177 1010 2209 agere,
1031 2177 1125 2208 quae
1156 2177 1231 2200 non
1259 2168 1497 2209 imputantur
1526 2168 1571 2199 ad
1600 2167 1768 2208 eulpamg

112 2223 211 2263 quod
240 2226 366 2255 autem
395 2222 506 2255 aliter
533 2223 811 2264 predicavcrim
839 2223 896 2255 vel
928 2223 1136 2258 docuerim,
1168 2224 1292 2255 erravi
1322 2223 1526 2255 temerarie
1553 2222 1644 2254 illud
1673 2231 1771 2255 asse-

110 2278 230 2310 rendo
248 2280 285 2311 et
302 2280 521 2320 peccatores
538 2283 781 2320 peccatorum
799 2288 955 2311 suorum
974 2279 1240 2312 emendatione
1258 2278 1504 2311 retrahendo.

159 2347 175 2360 u
196 2334 251 2366 Dc
269 2334 512 2367 observantia
535 2335 662 2367 autom
678 2334 912 2375 jeJ'uniorum
931 2336 969 2366 ct·
987 2334 1223 2366 abstinencia
1241 2343 1261 2366 a
1278 2334 1455 2366 carnibus
1474 2336 1578 2366 verto
1598 2336 1769 2375 tempore

113 2391 224 2422 teneo
242 2395 279 2422 et
297 2390 410 2422 credo
425 2399 508 2422 csse
522 2389 804 2422 rationabiliter
816 2390 1007 2431 injunctas
1031 2389 1345 2422 christifidelibus
1361 2391 1397 2421 et
1422 2390 1549 2421 faeere
1575 2390 1621 2421 ad
1635 2389 1763 2421 obser-

110 2446 274 2478 vantiam
292 2444 389 2486 legis
407 2446 533 2477 divine
558 2447 596 2478 ct
619 2446 915 2478 macerationem
940 2445 1065 2478 carnis
1091 2447 1129 2477 et
1146 2445 1285 2477 mentis
1303 2445 1555 2478 elevationem
1575 2445 1613 2477 in
1632 2445 1766 2483 Deum,

112 2502 150 2534 et
181 2500 409 2533 christianos
442 2501 563 2534 teneri
596 2501 643 2534 ad
675 2501 893 2542 hujusmodi
927 2501 1207 2533 observantiam
1239 2500 1285 2532 ab
1319 2499 1481 2533 eeclesia
1518 2500 1697 2532 traditam
1730 2504 1769 2532 et

111 2557 437 2599 transgredientes
455 2556 669 2589 mortaliter
682 2556 917 2598 delinquere,
936 2557 1008 2589 nisi
1025 2555 1216 2598 legittime
1235 2555 1453 2588 rationabili
1467 2564 1581 2588 eausa
1593 2556 1768 2588 venirent

112 2613 330 2650 excusandi,
351 2621 472 2653 neque
491 2612 561 2645 hoc
578 2611 785 2654 quuslibet
802 2613 961 2645 arbitrio
981 2612 1039 2645 est
1057 2611 1335 2644 dimittendum.
1363 2611 1410 2644 Et
1434 2611 1548 2643 eredo
1573 2611 1766 2643 hominem

113 2677 225 2709 posse
264 2677 311 2701 ex
347 2670 433 2700 voto
470 2667 518 2700 ad
557 2667 776 2709 hujusmodi
813 2667 1083 2700 abstinentiam
1123 2665 1306 2709 obligari3
1348 2666 1448 2707 quod
1489 2667 1614 2699 autem
1655 2665 1767 2700 aliter

114 2723 402 2764 predicavcrim,
433 2723 556 2756 erravi
589 2725 724 2756 contra
752 2722 878 2766 legem
908 2723 977 2756 Dei
1006 2725 1045 2755 ct
1076 2722 1160 2764 ejus
1191 2721 1405 2759 ecclesiam,
1441 2720 1580 2754 tollens
1612 2722 1765 2754 modum

113 2779 347 2820 reprimendi
360 2779 485 2811 carnis
503 2777 754 2812 rebellionem
779 2781 818 2811 et
841 2778 1013 2811 alliciens
1031 2779 1074 2810 ad
1095 2777 1188 2810 illud
1205 2786 1275 2819 per
1292 2777 1391 2818 quod
1410 2777 1616 2818 impeditur
1641 2777 1766 2810 anima

115 2843 161 2867 ne
179 2835 217 2867 in
235 2835 356 2867 Deum
374 2833 558 2867 elevetur.

159 2904 175 2917 u
191 2890 315 2923 Credo
332 2889 501 2932 prelatos
525 2899 638 2931 posse
663 2890 792 2924 taliter
816 2890 987 2923 subditos
1013 2889 1198 2932 obligare,
1219 2888 1319 2930 quod
1344 2889 1375 2920 si
1401 2887 1765 2930 transgrederentur

113 2948 346 2987 preceptum,
379 2945 594 2979 mortaliter
626 2945 905 2987 delinquerent,
941 2955 1010 2978 nec
1042 2946 1165 2977 omnis
1198 2944 1421 2986 ignorantia
1449 2943 1506 2977 vel
1541 2944 1666 2985 passio
1699 2954 1764 2977 eos

115 3004 282 3037 excusat,
309 3002 422 3035 etiam
448 3002 510 3035 ubi
539 3011 610 3034 non
638 3002 753 3034 tuerit
778 3001 996 3034 scandalum
1023 3010 1089 3034 nee
1115 3004 1371 3042 c‹›nte1nl·›tus;
1391 3000 1490 3041 quod
1509 3005 1634 3032 auto-m
1653 2999 1765 3033 aliter
