2096 3481
290 265 355 298 41ss
981 259 1118 311 ᾼΝΝΟ
1144 259 1228 293 1525

288 375 379 407 ostis
407 375 454 415 (1)
489 383 496 405 :
530 381 646 414 quare
681 373 719 405 et
747 370 903 404 minime
935 371 1043 403 nobis
1076 370 1167 404 estis
1199 370 1389 404 audiendi.
1424 368 1619 410 Siquidem
1651 369 1698 402 ad
1731 378 1797 403 vos
1825 367 1920 402 nihil

288 430 487 470 quicquam
512 428 691 469 pertinet,
719 426 818 468 quod
842 426 983 459 dictum
1007 426 1065 459 est
1087 425 1279 468 Apostolis
1298 435 1306 458 ε
1327 438 1342 452 ιι
1363 424 1435 463 Qui
1450 433 1516 457 vos
1542 425 1658 463 audit,
1684 433 1744 458 me
1769 425 1885 458 audit.
1901 439 1918 454 n

332 484 544 517 Montanus.
564 483 735 524 Linguae
753 483 793 514 tu
812 481 964 522 quidem
982 490 1021 514 es
1040 481 1131 513 satis
1148 480 1366 522 petulantis.

330 537 600 573 Rosemundus.
620 537 678 570 An
696 536 820 570 credis
837 537 956 579 igitur
973 536 1146 568 omnibus
1163 545 1293 569 sacrae
1310 535 1528 577 Scripturae
1544 535 1673 569 libris?

339 592 557 627 Wordenas.
578 592 773 633 Omnibus,
792 592 858 624 sed
876 591 1018 633 Spiritu
1037 591 1196 624 authore
1213 591 1251 623 in
1270 591 1459 625 Canonem
1475 592 1651 633 receptis.

333 649 547 682 Montanus.
577 647 747 685 Quonam
775 647 915 679 iudicio
945 647 1013 679 tibi
1041 647 1199 684 constat,
1230 647 1382 687 quinam
1405 645 1494 679 libri
1518 647 1676 688 recepti,
1702 647 1766 680 aut
1788 646 1921 680 reiecti

289 705 375 743 sint,
395 704 467 737 nisi
485 703 668 737 ccclesiae
685 703 840 735 accedat
856 702 1101 744 suffragium?

339 759 557 793 lVordenas.
583 758 754 792 Ecclesia
779 767 853 790 non
878 758 936 790 est
960 766 1074 798 supra
1102 756 1328 799 Scripturas,
1356 766 1477 798 neque
1503 755 1719 799 Scripturae
1743 757 1848 799 ipsae
1875 756 1921 790 ab

288 815 449 849 ecclesia
473 813 741 847 authoritatem
767 813 978 854 accipiuntg
1005 812 1072 845 sed
1096 822 1180 844 cum
1203 814 1333 845 mutuo
1362 813 1434 845 sibi
1458 813 1678 852 consonent,
1705 813 1744 846 et
1767 812 1922 854 spiritus

288 870 376 903 fidei
410 871 539 902 iubeat
570 879 638 902 nos
670 869 762 910 ipsis
791 869 1044 909 acquiescere,
1074 877 1235 909 pronum
1267 868 1336 903 est,
1369 868 1408 900 id
1441 868 1486 901 de
1519 868 1725 910 Scripturis
1757 866 1923 900 fideliter

288 925 580 967 pronunciemus
592 923 652 966 (2),
672 924 784 956 etiam
803 933 877 956 non
895 924 1095 965 expectata
1110 922 1293 955 ecclesiae
1307 932 1478 955 censura.
1495 922 1618 960 Quare
1635 922 1840 965 Apostolus
1851 922 1920 965 (3):

292 995 307 1008 u
334 981 381 1013 Et
405 990 485 1019 nos,
511 980 646 1021 inquit,
674 979 736 1020 qui
762 979 939 1012 nimirum
965 979 1134 1011 eiusdem
1158 978 1246 1011 fidei
1272 978 1446 1019 spiritum
1478 978 1684 1018 hausimus,
1718 978 1920 1016 credimus,

289 1038 445 1078 propter
473 1036 572 1076 quod
598 1036 636 1067 et
661 1034 854 1075 loquimur
883 1043 890 1066 :
927 1033 1255 1074 quemadmodum,
1291 1033 1386 1065 dixit
1413 1033 1478 1066 illc
1494 1034 1554 1075 (4),
1574 1034 1731 1072 credidi,
1765 1032 1922 1075 propter

291 1091 392 1132 quod
407 1092 444 1123 et
457 1090 634 1131 loquutus
653 1099 747 1122 sum.
766 1105 780 1118 π
797 1090 894 1122 Huic
909 1089 1002 1122 adeo
1017 1089 1106 1121 fidei
1119 1089 1157 1121 et
1170 1089 1321 1130 spiritui
1337 1088 1439 1121 intus
1456 1088 1627 1130 loquenti
1641 1088 1921 1130 Scripturarum

291 1147 404 1179 fidem
427 1146 549 1188 magis
575 1146 753 1178 debemus
782 1154 894 1186 quam
922 1144 1105 1177 ecclesiae
1137 1144 1302 1175 iudicio:
1333 1144 1372 1176 in
1401 1144 1506 1176 cuius
1535 1153 1648 1177 manu
1679 1153 1754 1177 non
1783 1144 1853 1180 est,
1881 1143 1922 1175 ut

291 1202 490 1243 quicquam
518 1201 626 1233 nobis
654 1201 884 1233 credendum
915 1199 1103 1236 obtrudat,
1131 1199 1230 1240 quod
1260 1208 1335 1231 non
1363 1198 1567 1241 Scripturis
1593 1199 1753 1232 authore
1779 1198 1921 1240 Spiritu

292 1257 440 1289 dictatis
458 1257 642 1289 firmetur.

338 1311 590 1346 Enclzusanus.
619 1310 715 1349 Quid
747 1320 881 1344 causae
914 1312 971 1344 est
1002 1311 1141 1350 autem,
1167 1318 1234 1341 cur
1265 1319 1339 1342 non
1365 1311 1403 1343 et
1427 1310 1544 1343 sacris
1576 1310 1708 1343 credas
1741 1308 1923 1342 ecclesiae

292 1368 509 1400 doctoribus
524 1369 533 1399 Ζ

342 1423 559 1456 Ψονᾶεηαε.
589 1421 632 1456 In
661 1423 858 1455 doctorum
883 1422 1033 1463 scriptis
1057 1422 1140 1455 falli
1163 1431 1328 1464 possum,
1355 1422 1394 1454 in
1419 1421 1535 1454 sacris
1559 1421 1727 1454 minime.
1754 1418 1925 1453 Ecclesia

290 1488 404 1521 porro
434 1478 574 1511 Christi
602 1487 717 1510 unum
746 1477 861 1510 habet
888 1478 1059 1510 veritatis
1085 1478 1280 1511 doctorem
1297 1477 1344 1519 (5)
1364 1477 1547 1517 Spiritum
1572 1476 1680 1509 illum
1705 1475 1922 1513 coelestem,
1955 1466 1957 1468 ³

290 1535 354 1576 qui
385 1543 407 1567 a
438 1534 552 1566 Patre
583 1533 757 1574 procedit
782 1542 789 1565 :
825 1533 889 1573 qui
920 1542 1006 1565 cum
1037 1533 1174 1565 author
1206 1533 1254 1565 sit
1283 1532 1576 1574 Scripturarum,
1608 1540 1704 1573 quae
1734 1540 1810 1563 non
1839 1530 1926 1562 sunt

286 1590 456 1632 privatae
480 1588 821 1630 interpretationis,
848 1589 945 1621 teste
971 1588 1055 1621 divo
1083 1588 1198 1621 Petro
1217 1588 1277 1630 (6),
1297 1597 1372 1620 non
1396 1588 1535 1620 mirum
1563 1588 1620 1620 est
1644 1587 1676 1619 si
1701 1587 1747 1619 ad
1770 1585 1925 1618 illarum

288 1645 402 1678 fidem
416 1644 587 1677 Christus
602 1653 675 1676 non
693 1644 876 1681 remittat,
896 1644 1024 1676 dicens
1041 1653 1048 1676 :
1070 1657 1085 1670 ιι
1106 1643 1333 1676 Scrutamini
1348 1643 1584 1684 Scripturas:
1604 1641 1692 1675 illae
1710 1642 1808 1680 sunt,
1828 1649 1924 1682 quae

289 1700 548 1733 testimonium
572 1699 776 1741 perhibent
794 1699 839 1731 de
857 1708 929 1732 me.
951 1714 965 1727 2⁷
986 1698 1095 1738 Quid,
1127 1699 1226 1740 quod
1247 1698 1418 1731 Christus
1446 1698 1528 1739 ipse
1557 1697 1666 1730 nobis
1689 1696 1924 1739 praecipitur

290 1756 510 1794 audiendus,
532 1764 620 1788 voce
638 1754 797 1788 coelitus
816 1754 862 1786 ad
879 1764 946 1787 nos
965 1754 1090 1787 delata
1108 1764 1115 1786 ε
1138 1767 1152 1781 u
1172 1755 1296 1795 ipsum
1313 1754 1462 1786 audite?
1481 1768 1497 1782 „

329 1810 587 1846 Enchusanus.
603 1812 687 1844 Non
702 1812 759 1844 est
774 1812 911 1849 tamen,
927 1811 1027 1851 quod
1045 1811 1243 1843 doctorum
1259 1811 1428 1843 virorum
1444 1810 1691 1843 monumenta
1707 1808 1922 1851 asperneris

290 1868 367 1900 tam
382 1866 624 1900 illiberaliter
632 1867 693 1908 (7).
706 1867 815 1905 Nam,
829 1875 924 1907 quae
939 1865 1205 1908 Evangelistae
1224 1865 1375 1898 silentio
1392 1866 1687 1907 praeterierunt,
1703 1865 1767 1906 qui
1783 1863 1925 1897 Christi

291 1932 406 1965 opera
434 1922 480 1955 ad
506 1922 661 1964 plenum
688 1921 889 1963 complecti
917 1931 992 1953 non
1020 1921 1073 1954 ita
1100 1922 1273 1962 potuere,
1303 1921 1504 1954 commissa
1527 1922 1614 1953 sunt
1641 1920 1859 1953 doctoribus
1887 1919 1925 1952 et

289 1978 429 2011 sanctis
459 1978 649 2019 Patribus,
682 1978 724 2009 ut
754 1976 970 2018 posteritati
1002 1976 1364 2009 transmitterentur.
1399 1975 1524 2014 Quare
1554 1975 1723 2009 Joannes
1754 1967 1924 2018 Evange-

289 2033 373 2065 lista
389 2032 437 2077 (8)
451 2042 458 2065 :
473 2047 488 2059 u
504 2032 598 2065 Sunt
614 2034 653 2065 et
669 2032 754 2071 alia,
773 2032 908 2073 inquit,
928 2040 1023 2072 quae
1036 2031 1128 2064 fecit
1140 2031 1265 2073 Jesusg
1284 2040 1380 2072 quae
1398 2031 1429 2064 si
1447 2031 1660 2064 scribantur
1676 2039 1745 2073 per
1762 2029 1922 2073 singula,

292 2098 360 2122 nec
377 2089 500 2130 ipsum
518 2088 684 2121 arbitror
700 2087 882 2120 mundum
899 2096 1036 2128 capere
1053 2097 1177 2128 posse.
1195 2102 1210 2116 ε,

334 2142 607 2178 Ros-emundas.
623 2143 733 2175 Haud
748 2142 902 2175 dubium
915 2143 984 2182 est,
999 2143 1090 2183 quin
1102 2142 1180 2180 illa,
1197 2152 1292 2184 quae
1305 2142 1572 2185 Evangelistae
1586 2151 1661 2175 non
1674 2141 1924 2184 prodiderunt

292 2200 510 2238 memoriae,
528 2199 693 2241 posteris
711 2199 749 2231 et
766 2198 905 2230 sanctis
922 2198 1100 2231 Patribus
1119 2199 1255 2232 deinde
1271 2198 1376 2231 velut
1392 2207 1460 2240 per
1478 2207 1610 2231 manus
1624 2198 1699 2230 sint
1716 2198 1866 2231 tradita.

343 2254 556 2289 Wordenas.
572 2253 681 2287 Bella
694 2253 847 2295 quidem
858 2253 966 2291 ratio,
982 2254 1047 2286 sed
1065 2263 1176 2294 quam
1193 2254 1364 2287 truncate
1380 2253 1592 2295 Scripturas
1610 2252 1744 2291 citetis,
1761 2253 1818 2286 vel
1834 2253 1922 2287 inde

290 2310 423 2351 liquet,
444 2310 542 2350 quod
561 2309 844 2342 dissimulanter
867 2308 1015 2341 habetis
1039 2318 1135 2349 quae
1153 2309 1256 2342 addit
1271 2309 1438 2342 Joannes
1459 2319 1466 2341 ε
1488 2322 1503 2335 ιι
1521 2308 1626 2342 Haec
1643 2309 1781 2347 autem,
1800 2308 1924 2350 inquit

289 2366 368 2404 ille,
384 2366 524 2407 scripta
537 2366 635 2403 sunt,
651 2366 692 2397 ut
709 2364 884 2402 credatis,
901 2365 988 2406 quia
1003 2364 1115 2398 Jesus
1132 2366 1190 2398 est
1202 2365 1374 2398 Christus
1392 2364 1492 2397 filius
1510 2365 1592 2402 Dei,
1612 2365 1650 2397 et
1667 2365 1708 2397 ut
1724 2365 1922 2398 credentes

291 2422 406 2454 vitam
430 2421 600 2454 habeatis
625 2429 693 2462 per
716 2429 852 2453 nomen
878 2420 1009 2462 ipsius.
1029 2435 1045 2449 n
1071 2420 1129 2453 An
1146 2430 1220 2452 non
1238 2420 1326 2453 hinc
1341 2420 1582 2462 perspicuum
1606 2420 1661 2457 fit,
1681 2420 1822 2462 scripta
1839 2428 1922 2453 esse

338 2568 384 2609 (l)
410 2569 457 2601 In
481 2569 651 2612 maryine
670 2579 678 2601 ε
699 2568 949 2610 Inquisitores
966 2569 1072 2602 cuius
1088 2569 1220 2613 legati.

336 2624 382 2665 (2)
472 2623 580 2657 Idem
671 2634 679 2657 :
698 2625 847 2657 Veritas
866 2624 1096 2666 Scripturae.

335 2679 382 2720 (3)
472 2678 579 2713 Idem
669 2689 677 2712 :
697 2679 869 2712 Secunda
885 2680 931 2712 ad
949 2680 1204 2719 Corinthinos,
1222 2682 1253 2713 4.

336 2733 382 2774 (4)
472 2733 578 2767 Idem
669 2744 676 2766 ε
698 2734 891 2767 Psalmum
909 2735 939 2773 1,
958 2735 989 2767 5.

336 2789 382 2829 (5)
472 2788 578 2823 Idem
670 2799 677 2821 :
698 2789 891 2823 Ecclesiae
909 2790 1041 2823 doctor
1058 2791 1154 2832 quis.

336 2843 382 2884 (6)
472 2844 577 2877 Idem
669 2855 676 2877 ε
697 2845 868 2879 Secunda
885 2845 1004 2884 Petri,
1024 2846 1055 2879 1.

335 2897 382 2940 (7)
471 2899 578 2932 Idem
670 2910 677 2932 :
697 2900 922 2942 Sophistice.

336 2952 383 2994 (8)
472 2953 578 2987 Idem
670 2965 677 2987 :
695 2956 717 2988 J
722 2956 864 2998 oannis,
881 2956 935 2989 20.
