2096 3481
343 271 405 305 275
1039 265 1176 300 ANNO
1203 266 1284 299 1524

345 380 577 417 Placentino,
596 378 803 411 camerario
822 378 963 415 nostro,
983 377 1141 410 testibus
1159 377 1204 410 ad
1219 377 1425 419 praemissa
1448 377 1588 410 vocatis
1613 377 1827 419 specialiter
1851 378 1962 420 atque

342 435 496 475 rogatis.

382 491 439 521 Sic
462 489 703 531 subscriptum
731 487 906 529 est:1‹]go
932 487 976 528 (l)
1001 485 1240 519 Everhardus
1265 487 1309 519 de
1334 486 1519 523 Voltelen,
1550 487 1787 519 decretorum
1817 486 1959 526 doctor,

338 544 454 576 sancti
480 544 651 575 Andreae
670 542 942 575 Worinatensis
959 541 1208 582 praepositus,
1227 541 1398 582 publicus
1422 541 1537 573 sacris
1556 541 1762 582 apostolica
1786 542 1823 574 et
1848 542 1963 583 impe-

337 599 420 631 riali
454 598 739 630 auctoritatibus
772 597 939 628 notarius
972 597 1009 628 in
1041 595 1200 628 Arthino
1229 596 1421 628 Romanae
1460 596 1586 628 curiae
1611 596 1832 637 descriptus,
1871 597 1959 637 quia

339 654 426 685 dicti
445 652 678 693 inquisitoris
703 651 915 684 haereticae
940 651 1135 692 pravitatis
1161 660 1201 682 ac
1221 650 1452 683 detestabilis
1478 649 1714 683 Luthcranac
1731 651 1854 683 sectae
1872 651 1960 693 dog-

339 708 447 740 matis
466 707 723 739 substitutioni
741 705 974 746 aliorumque
999 706 1157 737 forsitan
1183 705 1443 746 deputatorum
1462 705 1643 737 amotioni
1669 714 1711 737 ac
1735 704 1962 738 absolutioni

341 763 573 802 aliorumque
592 762 629 792 in
651 761 896 802 praeinsertis
922 760 1058 792 litteris
1083 760 1359 792 nominatorum
1383 759 1465 791 loco
1491 759 1641 791 illorum
1669 759 1902 800 deputationi
1925 760 1963 792 et

341 817 539 859 potestatis
558 816 698 848 dationi
717 815 963 855 omnibusque
988 814 1072 846 aliis
1089 815 1125 846 et
1143 813 1303 856 singulis
1327 814 1543 855 praemissis
1567 813 1734 852 interfui,
1753 814 1836 847 ideo
1857 822 1964 855 prae-

342 874 467 904 sentes
491 871 637 902 litteras
661 869 801 911 publici
818 869 1058 901 instrumenti
1082 869 1239 907 confeci,
1259 869 1437 909 suscripsi
1462 869 1499 901 et
1515 868 1701 909 publicavi
1718 868 1901 911 signoque
1925 869 1964 902 et

342 927 491 958 nomine
519 925 612 957 meis
647 924 767 956 solitis
796 926 833 956 et
871 924 1060 956 consuetis
1097 933 1170 956 una
1195 932 1277 955 cum
1305 923 1465 964 praefati
1492 923 1796 955 reverendissimi
1825 923 1966 956 domini

341 980 543 1014 cardinalis
582 979 697 1021 legati
737 980 774 1011 et
813 979 1025 1011 executoris
1064 977 1277 1010 litterarum
1316 977 1605 1019 apostolicarum
1646 977 1965 1019 praeinsertarum

340 1035 466 1078 sigillo
498 1035 536 1066 in
564 1033 701 1066 talibus
730 1034 868 1075 apponi
896 1033 1006 1065 solito
1036 1033 1193 1075 signavi,
1223 1033 1261 1064 in
1290 1032 1401 1065 fidem
1423 1033 1715 1073 praemissorum
1741 1032 1898 1074 rogatus
1929 1033 1966 1065 et

340 1091 557 1132 requisitus.

684 1143 940 1184 Rijksarchief
955 1145 989 1175 te
1004 1142 1169 1180 Brussel,
1185 1141 1347 1182 Resyistre
1359 1152 1424 1174 sur
1437 1140 1469 1174 Ze
1481 1141 1578 1184 faicc,
1589 1141 1748 1180 etc.,fol.
1761 1141 1965 1175 592-595.—-

733 1199 787 1231 De
805 1198 905 1229 tekst
919 1208 987 1230 van
1007 1198 1119 1230 dezen
1137 1198 1235 1230 brief
1251 1197 1356 1229 komt
1373 1196 1500 1229 aldaar
1513 1205 1603 1228 voor
1619 1197 1657 1228 in
1675 1205 1767 1229 eene
1789 1196 1970 1229 Vidimus-

732 1255 812 1285 acte
830 1263 898 1285 van
916 1253 935 1285 8
958 1253 1049 1285 Juni
1068 1252 1162 1290 1536,
1189 1252 1391 1294 uitgaande
1407 1260 1477 1283 van
1499 1251 1571 1284 Jan
1590 1250 1825 1290 Carondelet‚
1851 1252 1966 1284 aarts-

734 1307 908 1349 bisschop
923 1317 992 1340 van
1006 1307 1180 1340 Palermo
1195 1316 1240 1339 en
1254 1307 1455 1338 voorzitter
1468 1315 1538 1338 van
1552 1305 1623 1338 den
1634 1305 1838 1338 Geheimen
1847 1306 1967 1344 Raad,

734 1363 875 1395 waarin
893 1362 942 1403 hij
962 1362 1152 1395 verklaart
1168 1361 1232 1394 het
1250 1359 1553 1402 oorspronkelijk
1570 1360 1657 1392 stuk
1681 1359 1906 1393 onderzocht
1923 1368 1969 1392 en

735 1417 820 1450 echt
844 1418 1036 1449 bovonden
1055 1418 1090 1449 te
1108 1416 1268 1449 hebben.
1295 1416 1371 1457 (Zie
1396 1416 1441 1447 de
1466 1415 1573 1456 Hoop
1600 1414 1777 1454 Scheffer‚
1806 1413 1970 1448 Ges-chie-

739 1472 852 1510 denis,
872 1472 940 1504 blz.
960 1470 1128 1514 298-300.)
1145 1470 1294 1503 Ziehier
1311 1471 1381 1503 den
1400 1479 1570 1512 aanvang
1585 1479 1656 1502 van
1674 1470 1728 1502 dit
1744 1469 1831 1502 stuk
1849 1479 1857 1502 :

781 1541 796 1553 σε
821 1527 1015 1560 <Iohannes
1040 1525 1275 1562 Carondelet‚
1301 1526 1371 1558 Dei
1399 1526 1436 1557 et
1467 1524 1694 1566 apostolicae
1725 1524 1824 1557 sedis
1846 1524 1970 1566 gratia

735 1582 1039 1623 archiepiscopus
1075 1580 1376 1618 Panormitanus,
1413 1588 1565 1621 praeses
1599 1579 1801 1620 primarius
1833 1579 1969 1612 secreti

733 1637 881 1669 consilii
906 1636 1179 1669 sacratissimae
1205 1635 1408 1668 Caesareae
1434 1634 1653 1675 MaJ'estatiS,
1680 1635 1764 1672 etc„
1783 1633 1968 1667 universis

733 1692 769 1724 et
787 1690 946 1733 singulis
962 1690 1180 1732 praesentes
1197 1689 1342 1721 litteras
1355 1688 1491 1720 visuris
1505 1690 1570 1720 seu
1584 1687 1779 1727 audituris,
1795 1687 1966 1720 salutem.

780 1747 918 1779 Notum
935 1746 1092 1777 facimus
1110 1754 1177 1776 nos
1191 1745 1229 1776 in
1244 1744 1382 1775 nostris
1399 1743 1571 1775 manibus
1588 1742 1776 1781 habuisse,
1803 1742 1969 1776 tenuisse

739 1804 774 1833 et
788 1801 925 1843 legisse
940 1802 1060 1833 certas
1074 1799 1219 1832 litteras
1234 1797 1457 1839 apostolicas
1471 1796 1596 1839 sigillo
1610 1797 1724 1829 rubro
1739 1797 1776 1829 in
1789 1796 1969 1829 cordullis

737 1857 841 1888 rubri
860 1856 997 1887 coloris
1015 1854 1210 1897 sigillataS,
1231 1853 1372 1885 tenoris
1397 1851 1670 1892 subsequentis.
1691 1866 1706 1879 „

783 1911 939 1954 [Hierop
957 1910 1061 1952 volgt
1078 1910 1123 1941 de
1141 1908 1241 1941 tekst
1257 1917 1326 1940 van
1345 1908 1415 1939 den
1440 1916 1534 1948 open
1553 1906 1651 1938 brief
1666 1915 1735 1939 van
1754 1906 1968 1948 Campegio,

738 1975 889 1998 waarna
906 1974 990 1997 men
1007 1964 1102 1996 leest
1123 1962 1146 2006 z]

784 2035 799 2048 «ι
827 2021 928 2059 Quae
960 2019 1109 2060 quidem
1133 2018 1282 2050 litterae
1314 2018 1421 2049 erant
1452 2025 1564 2048 sanae
1603 2016 1640 2048 et
1674 2016 1857 2058 integrae,
1897 2024 1971 2048 non

738 2077 908 2113 viciatae,
934 2084 1007 2106 non
1034 2072 1262 2105 cancellatae
1287 2074 1351 2104 aut
1368 2072 1405 2103 in
1424 2071 1548 2112 aliqua
1565 2071 1622 2103 sui
1638 2072 1745 2112 parte
1762 2071 1970 2111 suspectae,

738 2131 804 2163 sed
834 2130 935 2162 omni
963 2137 1116 2170 prorsus
1143 2128 1233 2159 vitio
1267 2128 1329 2159 aut
1361 2126 1567 2167 suspitione
1595 2126 1778 2158 carentes.
1807 2125 1856 2158 Et
1885 2125 1973 2166 quia

738 2186 907 2217 sanctum
935 2184 991 2216 est
1018 2181 1219 2224 perhibere
1248 2181 1503 2214 testimonium
1532 2180 1692 2218 veritati,
1723 2189 1790 2212 nos
1819 2179 1969 2212 easdem

736 2240 882 2272 litteras
930 2237 1154 2279 apostolicas
1196 2235 1401 2278 originales
1445 2235 1483 2266 in
1522 2235 1681 2266 formam
1719 2234 1970 2275 supradictam

737 2293 912 2330 exscribi,
939 2292 1139 2324 transsumi
1157 2292 1194 2324 et
1218 2290 1421 2332 diligenter
1438 2289 1674 2321 collationari
1690 2289 1972 2334 fecimus-sigil-

739 2348 841 2389 lique
867 2347 986 2379 nostri
1003 2346 1233 2387 impentione
1251 2345 1288 2376 in
1307 2344 1417 2376 fidem
1436 2343 1772 2375 corroboravimus.

780 2404 915 2435 Actum
933 2400 1147 2438 Bruxellae‚
1178 2400 1237 2432 die
1256 2400 1384 2431 octava
1402 2398 1541 2430 mensis
1564 2397 1681 2436 Junii‚
1707 2387 1973 2430 anno‘Domini

738 2457 937 2490 millesimo
957 2454 1257 2497 quingentesimo
1275 2453 1464 2485 tricesimo
1483 2454 1601 2490 sexto,
1619 2452 1857 2493 pontificatus
1874 2461 1973 2484 sanc-

740 2512 874 2544 tissimi
889 2511 926 2542 in
945 2510 1092 2543 Christo
1106 2508 1338 2550 presbyteris
1353 2508 1389 2540 et
1407 2507 1547 2539 domini
1561 2507 1680 2538 nostri
1694 2506 1835 2538 domini
1848 2505 1970 2545 Pauli,

739 2567 866 2598 divina
891 2565 1128 2606 providentia
1154 2572 1272 2605 papae
1301 2562 1403 2595 tertii
1434 2571 1530 2594 anno
1560 2561 1735 2600 secundo,
1765 2561 1972 2594 indict-ione

739 2630 848 2653 nona.
881 2635 896 2647 2⁵
925 2638 968 2643 ——
997 2620 1077 2652 Een
1102 2618 1218 2651 ander
1235 2617 1408 2650 asschrit't
1424 2625 1494 2649 van
1513 2616 1584 2648 den
1601 2616 1668 2656 tijd
1695 2615 1801 2648 vindt
1823 2624 1909 2648 men
1932 2615 1972 2648 in

739 2675 925 2708 hetzelfde
941 2673 1198 2715 Rijksarchief
1215 2673 1250 2705 te
1267 2670 1421 2704 Brussel
1440 2669 1596 2712 (Fardes
1613 2669 1659 2702 de
1682 2669 1827 2709 vienna»,
1847 2675 1886 2702 n1·
1901 2669 1970 2711 47);

738 2739 843 2762 maar
867 2730 912 2762 de
929 2729 1061 2770 plaats,
1081 2728 1126 2760 de
1144 2728 1270 2760 datum
1288 2735 1333 2759 en
1363 2727 1408 2758 (le
1433 2725 1613 2767 getuigen
1630 2723 1868 2757 verschillen.
1895 2724 1972 2766 (Zie

740 2786 785 2817 de
802 2784 1006 2817 hierboven
1025 2781 1301 2825 aangebrachte
1319 2781 1543 2821 voetnotas.)

358 2859 1968 2872 ,μ

393 2900 440 2941 (1)
457 2899 522 2931 Als
548 2899 688 2932 notaris
706 2898 860 2931 teekent
883 2897 921 2929 in
939 2897 984 2928 de
998 2894 1141 2929 Fardes
1158 2894 1202 2928 de
1225 2894 1358 2927 Vienne
1376 2903 1383 2925 :
1405 2906 1420 2920 u
1438 2893 1519 2935 Ego
1544 2892 1743 2925 Florianus
1765 2892 1970 2930 Montinus,

351 2954 518 2985 notarius
550 2953 776 2995 apostolicus
805 2953 842 2985 et
872 2951 1008 2994 prefati
1041 2949 1346 2984 reverendissimi
1378 2948 1519 2981 domini
1550 2946 1751 2980 cardinalis
1779 2946 1972 2988 Campegii

352 3008 468 3051 legati
484 3008 720 3041 secretarius.
741 3023 756 3035 n
