2096 3481
351 268 413 302 136
1030 265 1166 298 ANNO
1195 265 1278 298 15‘22

1109 401 1194 445 95.

421 527 557 573 1522,
587 520 867 576 Seplember,
891 520 1177 576 Antwerpen
1202 532 1258 563 en
1287 519 1545 563 Vilvoorde.
1582 515 1863 570 Rekeningen
1887 514 1965 558 der

347 594 562 636 onkosten
584 606 668 635 van
692 593 767 635 het
798 605 1038 634 vervoeren
1077 592 1154 634 der
1184 590 1501 646 Antwerpsehe
1534 590 1812 647 augustijnen
1855 603 1963 633 naar

349 663 378 706 ’t
399 662 567 704 kasteel
592 674 675 704 van
700 660 949 703 Vilvoorde.

393 752 495 784 Pour
511 752 726 793 eharriages
743 752 780 783 ot
797 751 954 792 despons
970 750 1058 783 faitz
1085 758 1180 792 pour
1200 757 1330 782 monor
1356 748 1411 781 les
1437 747 1644 790 Augustius
1668 747 1835 781 dAnvers
1852 747 1873 780 ὲ
1888 745 1963 779 Vil-

350 807 464 840 vorde
477 816 523 839 en
541 806 752 848 septembre
770 813 853 839 xxm
959 813 1081 838 xxxvs
1097 805 1209 837 livres
1232 812 1250 837 J
1267 803 1335 836 sol.

695 881 952 922 Rijksarchiof
982 881 1019 913 to
1050 880 1215 919 Brusse1‚
1249 880 1414 914 Revenus
1443 883 1476 912 et
1506 876 1680 921 depensos
1718 876 1764 910 de
1796 875 1965 911 Charles-

740 935 850 973 Quint
864 935 1060 974 4520-1530,
1079 935 1144 967 fol.
1160 934 1241 976 2853
1267 933 1498 977 aangehaald
1522 933 1614 965 door
1631 932 1775 971 Henne,
1794 931 1876 965 deol
1899 932 1961 971 IV,

737 990 806 1023 blz.
826 989 900 1029 306,
917 991 1007 1023 noot
1019 991 1052 1023 3.
1069 1008 1112 1014 —
1128 991 1182 1023 De
1205 989 1475 1031 Antwerpsehe
1497 987 1698 1029 Kronijken
1724 986 1893 1028 plaatsen
1910 983 1965 1020 dit

736 1054 941 1078 vervoeren
959 1045 1025 1078 der
1041 1045 1290 1088 Augustijnen
1315 1053 1360 1086 op
1384 1044 1405 1076 6
1429 1043 1589 1077 October
1613 1041 1709 1075 1522.
1729 1042 1805 1083 (Zio
1830 1041 1964 1075 verder

735 1110 802 1133 ons
816 1100 901 1133 stuk
915 1099 1034 1141 n1·98.)

1127 1231 1214 1275 96.

423 1357 560 1402 1522,
597 1351 877 1407 September,
912 1349 1207 1407 Nurenbery.
1245 1346 1484 1390 Uittreksel
1507 1346 1570 1389 uit
1593 1359 1729 1388 eenen
1753 1344 1866 1388 brief
1882 1357 1965 1388 van

350 1423 433 1466 den
450 1423 671 1480 augustijn
691 1423 824 1465 Karel
843 1424 956 1465 Rose
974 1436 1056 1464 aan
1078 1421 1280 1465 Nicolaas
1303 1434 1386 1464 van
1408 1420 1602 1478 Kniebys
1636 1435 1740 1464 over
1776 1421 1828 1463 de
1860 1434 1964 1463 aan-

349 1493 494 1535 komst
515 1491 664 1534 aldaar
689 1505 771 1534 van
794 1490 924 1534 Jacob
947 1489 1243 1545 PraeposituS,
1269 1489 1500 1545 vergezeld
1530 1503 1615 1532 van
1659 1490 1740 1532 den
1778 1488 1965 1532 minder-

349 1560 545 1611 broeder,
569 1560 634 1602 die
658 1560 754 1602 hem
772 1562 816 1603 te
835 1559 1011 1603 Brussel
1030 1559 1093 1602 uit
1115 1559 1257 1616 zijnen
1275 1558 1437 1600 kerker
1453 1557 1571 1601 heeft
1588 1558 1745 1613 helpen
1764 1560 1966 1612 ontsnap-

349 1643 448 1684 pen.
476 1652 529 1661 —-
564 1628 841 1684 Praepositus
865 1626 1057 1683 verblijft
1077 1641 1125 1670 er
1163 1629 1251 1669 met
1288 1627 1370 1669 den
1404 1626 1772 1676 minderbroeder,
1800 1625 1868 1668 die
1889 1626 1965 1668 het

349 1697 475 1740 kleed
507 1697 584 1739 der
616 1697 894 1753 augustijnen
928 1695 1045 1739 heeft
1083 1695 1430 1752 aangetrokken.
1474 1697 1645 1739 Luther
1682 1693 1885 1751 verblijdt
1918 1707 1966 1736 er

351 1767 447 1809 zioh
471 1780 589 1810 over.

395 1854 589 1887 Novitatcs
607 1854 653 1885 he
679 1854 805 1885 sunt...
840 1853 973 1886 Frater
989 1852 1154 1885 Jacobus
1186 1850 1480 1892 Antwerpiensis
1505 1850 1608 1891 prior
1633 1851 1729 1891 apud
1755 1860 1821 1882 nos
1849 1851 1906 1883 est
1930 1850 1968 1883 et

353 1918 496 1941 moram
513 1909 602 1950 agit,
622 1908 802 1941 liberatus
815 1908 862 1949 (1)
876 1917 897 1940 a
912 1917 1062 1940 earcere
1079 1916 1146 1948 per
1164 1907 1348 1947 quendam
1364 1907 1520 1938 fratrem
1533 1905 1637 1946 tereij
1654 1906 1795 1937 ordinis
1809 1915 1837 1937 s.
1853 1906 1968 1938 Fran-

351 1964 453 2001 cisei,
470 1963 533 2003 qui
550 1963 662 1995 etiam
680 1963 777 2004 apud
791 1972 857 1995 nos
884 1971 1026 1995 moram
1043 1963 1121 2004 agit
1136 1962 1174 1993 in
1187 1962 1290 1993 veste
1308 1961 1582 2002 augustiniana,
1598 1960 1644 1992 ad
1661 1969 1770 2000 quem
1785 1960 1967 1993 ‚Iacobum

351 2017 497 2058 (retulit
525 2017 607 2050 hori
637 2018 807 2049 dominus
832 2017 1083 2058 Hieronymus
1111 2016 1293 2056 Ebnor(2)
1322 2016 1449 2047 noster
1480 2015 1570 2047 eivis
1602 2015 1749 2056 potens)
1780 2015 1967 2047 Lutherus

352 2073 405 2105 sie
423 2073 542 2104 dixit:
564 2086 579 2098 ιι
598 2072 696 2105 Won
732 2072 858 2104 solohe
883 2072 1055 2104 flammen
1080 2080 1145 2103 aus
1177 2071 1260 2104 dem
1287 2071 1394 2103 feuer
1425 2070 1552 2111 fligen,
1586 2079 1626 2102 so
1643 2070 1754 2102 wirdt
1779 2069 1840 2102 ich
1871 2068 1967 2101 noch

351 2127 442 2169 lang
469 2127 573 2159 nicht
589 2128 777 2168 vorpront.
798 2142 813 2155 n

699 2197 1012 2239 Oorspronkelijk
1035 2197 1270 2230 handsehrift
1296 2196 1334 2228 in
1353 2197 1396 2229 de
1414 2195 1619 2229 VVolfssehe
1635 2195 1886 2237 verzameling
1909 2195 1967 2227 ter

742 2252 1089 2285 Sta‹.1sbibliotlieek
1100 2261 1171 2283 van
1196 2251 1407 2292 Hamburgg
1427 2251 1628 2291 afgedrukt
1643 2251 1692 2291 bij
1722 2249 1857 2287 Kome,
1873 2249 1969 2282 Ana-

743 2307 833 2340 lecta
847 2306 1073 2344 Lutlzerana,
1103 2306 1172 2338 blz.
1199 2306 1251 2337 41.
1269 2324 1312 2328 —
1329 2305 1499 2345 Dikwijls
1531 2305 1633 2337 heeft
1656 2305 1798 2337 Luther
1825 2304 1904 2336 zich
1928 2304 1967 2336 in

742 2363 836 2402 zijno
854 2362 1006 2393 bricven
1023 2362 1099 2393 met
1116 2360 1357 2401 praepositus
1384 2360 1492 2401 bezig
1520 2359 1730 2401 gehouden.
1750 2358 1847 2392 Over
1874 2359 1967 2399 ziJ'no

741 2416 969 2458 herrooping
986 2425 1032 2448 en
1050 2416 1109 2448 die
1127 2424 1195 2448 van
1213 2414 1377 2447 Herman
1395 2415 1525 2446 Geerts
1539 2414 1607 2455 (zio
1626 2414 1714 2446 o'nze
1728 2419 1780 2445 n1'⁵
1795 2412 1836 2445 62
1854 2422 1899 2445 en
1911 2412 1967 2453 65)

741 2471 892 2503 schroef
908 2471 957 2512 hij
985 2479 1054 2503 aan
1079 2470 1167 2503 Joh.
1197 2469 1301 2511 Lang
1319 2470 1354 2501 te
1382 2468 1523 2506 Erfurt,
1554 2469 1624 2500 den
1654 2468 1693 2500 12
1717 2467 1823 2509 April
1855 2467 1965 2499 1522:

744 2540 759 2552 «ι
780 2525 906 2564 Satan,
926 2525 1079 2557 summis
1097 2526 1134 2557 et
1151 2524 1321 2557 omnibus
1349 2523 1489 2555 viribus
1507 2532 1573 2554 nos
1589 2523 1694 2564 petit.
1714 2522 1849 2554 Hostes
1867 2521 1966 2554 edito

741 2580 868 2612 libello
886 2579 1096 2622 gloriantur
1127 2580 1172 2612 de
1194 2578 1430 2611 revocatione
1462 2578 1619 2609 duorum
1652 2576 1964 2614 Lutheranorum,

739 2635 871 2668 Jacobi
899 2635 1017 2666 nostri
1049 2635 1086 2667 et
1118 2633 1324 2666 Hermanni
1350 2632 1554 2673 cujusdam.
1584 2630 1767 2664 Melehior
1812 2630 1966 2662 Mirisch

743 2699 816 2721 non
844 2689 1044 2727 revocavit,
1063 2689 1127 2721 sed
1152 2688 1281 2720 scribit
1305 2696 1344 2719 se
1371 2687 1574 2728 prudenter
1601 2685 1735 2727 egisse,
1751 2685 1790 2716 ut
1806 2684 1966 2726 gratiam

745 2753 875 2776 eorum
904 2744 1082 2781 servaret,
1119 2743 1189 2775 hoo
1221 2743 1288 2780 est,
1319 2741 1491 2774 Satanan]
1519 2740 1687 2773 adoravit
1714 2739 1751 2771 et
1778 2739 1966 2771 Christum

399 2885 446 2924 (1)
466 2885 647 2919 Lam-atur
658 2887 753 2919 leest
768 2897 853 2920 men
870 2888 908 2919 in
925 2887 990 2919 het
1002 2886 1247 2918 handschrift.

402 2940 448 2979 (2)
466 2940 544 2972 Eon
568 2950 768 2974 voornaam
799 2942 976 2984 patricier
1000 2950 1070 2974 van
1098 2940 1334 2982 Nuronberg.
