2096 3481
793 267 930 303 ANNO
957 267 1040 302 1525
1668 268 1728 300 431

150 378 368 413 Wordenas.
387 378 490 421 Ergo
510 388 554 411 ue
573 378 653 411 fisci
670 378 812 420 parteis
830 379 936 411 vohis
954 378 1129 410 sumitis?

142 436 356 469 Montanus.
375 434 468 467 Imo.
487 434 568 475 Ego
587 434 687 466 enim
706 434 741 466 te
759 433 909 474 postulo
924 434 1107 466 contracti
1126 433 1369 473 matrimonij.
1389 432 1630 465 Intellextin?

148 490 368 523 Wordenas.
387 489 480 527 Vah,
500 490 710 521 monstrum
729 489 819 520 milii
839 489 936 520 datis
957 488 1323 530 risealoiudieem(l).

142 545 357 578 Montanus.
376 543 471 581 Quid
490 544 520 575 si
540 542 700 575 famulus
719 542 782 574 ille
801 552 905 575 meus
924 544 1054 576 liscum
1073 544 1172 583 agat,
1193 552 1264 585 ego
1283 543 1444 575 iudieem
1461 543 1472 574 2

147 599 366 633 Wordenas.
397 598 481 632 Non
509 597 732 640 prohibebo.
764 597 927 630 Accedat
961 597 1099 630 tisealis
1132 597 1307 634 famulus,
1342 597 1572 629 accusatoris
1606 597 1734 638 partes

97 655 289 697 suscipiat.
319 653 400 688 Eho
430 654 482 691 tu,
512 654 624 685 fiscus
652 661 737 685 eum
765 653 830 690 sis,
864 653 962 693 quod
991 652 1084 685 mihi
1116 653 1259 686 crimen
1292 653 1456 685 intentas
1489 652 1606 685 cedo?
1637 651 1734 684 Eece

97 709 289 753 elinguem
308 709 451 746 fiscum,
471 709 509 740 et
526 706 582 740 vel
603 707 724 750 magis
741 709 886 740 mutum
904 707 1020 749 pisce.

141 765 357 798 Montanus.
377 763 478 800 Siue,
498 772 569 805 ego
587 771 656 804 pro
674 763 757 804 ipso
776 763 910 795 dicam.

150 819 369 853 Wordenas.
389 818 474 851 Non
492 818 625 856 sinam,
642 818 816 859 inquam3
838 820 1000 850 aetatem
1019 818 1144 855 habet,
1164 818 1341 859 loquatur
1358 819 1451 859 ipse.

142 877 357 910 Montanus.
383 874 498 914 Atqui
523 874 605 914 ipse
630 874 824 906 confessus
850 882 889 906 es
915 874 1133 916 coniugium
1158 875 1263 906 tuum
1289 875 1421 907 antea:
1441 873 1530 914 quid
1554 873 1729 905 confessa

99 932 239 973 negas?

149 984 367 1018 Wordenas.
396 984 450 1016 Ad
481 984 638 1016 eandem
668 984 800 1016 reditis
825 983 1065 1017 cantilenam.
1097 984 1193 1021 Quid
1226 984 1258 1016 si
1286 983 1553 1015 latrocinatum
1582 991 1641 1015 me
1670 981 1728 1015 vel

97 1050 240 1083 poenae
259 1041 373 1076 metu,
393 1038 450 1071 vel
468 1039 631 1071 carceris
650 1040 772 1071 taedio
791 1040 931 1071 iamfar?
952 1040 1049 1071 Num
1066 1039 1248 1071 credituri
1267 1040 1370 1071 sitis?

139 1097 353 1129 Montanus.
384 1094 488 1127 Nihil
523 1095 616 1136 agis,
653 1095 725 1126 nisi
756 1095 857 1127 enim
889 1104 950 1127 res
982 1095 1035 1127 ita
1066 1094 1236 1133 haberet,
1271 1094 1490 1136 coniugium
1523 1095 1628 1126 tuum
1660 1102 1732 1124 non

97 1151 232 1183 fuisset
249 1149 456 1182 Lovanium
475 1158 592 1189 usque
612 1148 789 1181 delatum.

148 1204 366 1239 PVordenas.
384 1204 478 1241 Vah.
506 1204 610 1244 quasi
636 1205 797 1236 mendax
814 1205 972 1246 fama(2)
992 1214 1064 1236 non
1091 1205 1204 1237 etiam
1223 1206 1342 1237 totum
1368 1205 1498 1236 orbem
1516 1202 1731 1245 pervolitet,

98 1261 267 1302 adeoque
285 1260 487 1293 concutiat.
508 1259 637 1291 Malim
665 1269 733 1301 pro
763 1270 836 1291 uno
862 1259 1031 1300 quolibet
1054 1261 1176 1292 famae
1206 1260 1401 1292 mendacio
1432 1259 1623 1291 numerari
1651 1258 1735 1290 obo-

98 1315 176 1348 lum
201 1324 329 1353 unum,
364 1324 475 1356 quam
500 1324 568 1356 pro
594 1315 693 1346 veris
719 1315 829 1347 dietis
855 1315 1032 1357 dragmas
1058 1316 1187 1348 decem
1218 1325 1224 1347 :
1250 1315 1335 1356 plus
1366 1315 1467 1348 enim
1500 1314 1595 1346 lueri
1627 1313 1732 1345 illiue

98 1371 226 1405 fuerit.

141 1424 436 1460 Duvenvorelaus.
462 1426 519 1457 An
546 1426 613 1457 tibi
646 1425 798 1459 excidit.
833 1426 884 1458 mi
915 1426 1097 1468 Joannes,
1131 1427 1230 1467 quod
1262 1426 1372 1458 nobis
1403 1435 1477 1458 nou
1511 1425 1563 1457 ita
1592 1424 1732 1457 dudum

103 1481 299 1522 fatebaris,
325 1490 409 1513 eum
437 1481 473 1513 te
497 1490 542 1513 ex
569 1480 692 1511 officio
719 1480 1041 1512 examinaremus?

149 1535 367 1569 IVorclenas.
398 1536 437 1569 Si
465 1544 524 1568 me
565 1535 820 1571 examinastis,
850 1536 1007 1573 iudices,
1037 1536 1075 1569 et
1099 1535 1256 1578 dignum
1280 1537 1402 1568 morte
1427 1535 1573 1568 facinus
1601 1534 1639 1567 iu
1674 1543 1733 1567 me

98 1591 309 1628 invenistis,
336 1591 567 1624 sententiam
591 1591 795 1632 proferatis
824 1590 964 1624 licebit.
1130 1625 1134 1627 λ

145 1644 437 1681 Duvenvorthus.
465 1646 543 1679 Nos
568 1655 690 1686 neque
716 1646 871 1684 iudices,
898 1655 1021 1687 neque
1046 1647 1311 1679 criminatores
1341 1646 1395 1679 tui
1424 1655 1563 1679 sumus.

143 1701 400 1736 Enchusamw.
428 1702 525 1740 Quid
551 1702 626 1734 tam
650 1700 798 1743 prolixe
824 1701 918 1743 agis,
945 1711 1083 1742 quaeso
1110 1703 1167 1735 te'.2

150 1757 428 1799 Wordenasffl).
460 1758 498 1789 Si
527 1757 621 1789 mihi
650 1757 762 1789 tidem
795 1757 903 1794 datis,
934 1757 1033 1798 quod
1068 1766 1219 1790 eausam
1251 1766 1373 1790 meam
1405 1756 1607 1789 iudicaturi
1636 1755 1731 1794 sitis,

100 1823 174 1846 non
210 1813 416 1846 seeundum
452 1813 677 1845 traditiones
705 1812 849 1845 vestras
882 1813 946 1845 aut
973 1812 1169 1844 hominum
1200 1813 1502 1851 constitutiones,
1534 1812 1599 1844 sed
1628 1811 1734 1843 iuxta

99 1868 318 1911 Scripturae
346 1877 475 1901 sacrae
499 1868 711 1905 veritatem,
741 1876 836 1908 quae
866 1867 1039 1900 omnibus
1067 1867 1235 1900 omnium
1267 1867 1462 1900 hominum
1487 1867 1650 1899 decretis
1680 1870 1736 1899 est

98 1924 349 1966 praeferenda
364 1923 524 1966 plusque
541 1923 721 1965 ponderis
738 1923 872 1955 merito
891 1922 1017 1962 habet,
1037 1922 1197 1964 amplius
1215 1932 1279 1955 vos
1298 1932 1371 1955 non
1391 1923 1576 1956 differam.

144 1981 354 2014 Montanus.
382 1978 487 2012 Nihil
513 1979 581 2011 tibi
606 1979 701 2011 certi
729 1977 969 2020 pollicemur;
1000 1987 1131 2011 verum
1160 1978 1367 2017 enimvero,
1398 1979 1430 2010 si
1457 1986 1538 2011 rem
1567 1978 1732 2020 ingenue

101 2035 269 2075 duxeris,
287 2035 461 2068 iubemus
478 2036 515 2068 te
532 2034 629 2067 bene
647 2043 814 2076 sperare.

151 2090 370 2124 Wordenas.
399 2091 481 2134 Ego
514 2099 604 2123 sane
637 2099 719 2123 eam
753 2099 858 2132 spem
890 2089 984 2122 mihi
1017 2098 1143 2123 emere
1173 2089 1291 2122 nolim
1319 2089 1357 2122 et
1384 2098 1468 2121 eum
1497 2089 1597 2122 vitae
1629 2097 1735 2122 meae

100 2145 271 2189 periculo
290 2147 327 2179 et
345 2145 553 2179 animarum
570 2146 784 2179 vestrarum
803 2146 951 2178 damno.
1055 2146 1059 2150 ’

145 2201 420 2244 Montanus-(4).
454 2201 536 2244 Ego
569 2201 639 2234 hoe
671 2201 754 2233 dieo
788 2201 867 2239 tibi,
903 2200 1125 2233 charissime
1159 2201 1308 2234 domine
1347 2200 1528 2240 Joannes,
1562 2209 1621 2233 me
1661 2210 1736 2233 non

102 2256 200 2290 male
217 2257 393 2290 affectum
410 2266 503 2300 erga
527 2258 563 2289 te
588 2266 683 2296 esse,
710 2257 763 2289 ita
786 2265 846 2289 me
870 2256 972 2289 Deus
991 2258 1109 2296 amet3
1130 2256 1195 2289 sed
1220 2257 1251 2288 si
1276 2257 1493 2297 perrexeris
1518 2256 1736 2298 coniugium

103 2314 208 2345 tuum
234 2313 309 2346 tam
335 2312 524 2346 obstinato
550 2313 674 2345 animo
700 2320 927 2354 pernegare,
955 2320 1026 2353 ego
1052 2313 1155 2344 certe
1174 2312 1307 2345 dentes
1331 2321 1435 2344 meos
1454 2311 1522 2344 tibi
1546 2311 1600 2344 sie
1618 2312 1739 2343 osten-

103 2368 200 2407 dam,
219 2369 261 2401 ut
277 2368 424 2401 animus
440 2368 510 2401 tibi
527 2368 615 2400 hinc
633 2367 873 2400 inhorrescat
887 2367 948 2408 (5).

153 2422 370 2457 Wordenas.
401 2424 492 2457 Cum
519 2433 585 2456 vos
609 2424 745 2456 furetis
777 2423 952 2461 maxime,
979 2431 1050 2464 ego
1085 2423 1205 2456 Deum
1240 2422 1426 2464 precabor
1460 2422 1637 2461 maxime,
1664 2430 1736 2464 ego

104 2479 221 2512 Deum
262 2479 448 2522 precabor
485 2479 666 2519 maxime,
712 2480 752 2511 ut
794 2478 1016 2520 patientiam
1055 2478 1147 2510 mihi
1190 2478 1355 2521 benigne
1397 2478 1511 2511 adnot
1553 2478 1591 2510 in
1636 2477 1737 2510 omni

104 2534 306 2568 afflictione
324 2543 420 2568 mea.

151 2744 199 2790 (i)
223 2743 268 2781 In
291 2748 462 2791 margine
485 2756 492 2780 ε
519 2746 783 2781 Fisealoiudex
798 2746 909 2779 fiscus
924 2746 1198 2788 supposititius.

152 2803 199 2844 (2)
289 2802 395 2836 Idem
487 2813 494 2835 :
521 2803 659 2837 Famae
676 2803 746 2835 vis.

151 2857 200 2899 (3)
289 2857 393 2891 Idem
485 2867 492 2889 :
519 2856 720 2900 Stipulatio
739 2865 859 2897 aequa
875 2858 912 2890 et
928 2855 1027 2890 bona
1043 2866 1065 2890 a
1081 2855 1262 2898 sophistis
1280 2855 1436 2898 indigne
1454 2855 1609 2889 reiecta.

153 2913 201 2953 (4)
291 2911 395 2946 Idem
487 2922 494 2945 τ
522 2913 571 2946 Ut
587 2912 746 2946 blandus
764 2914 822 2946 est
839 2911 1036 2945 simulator
1053 2912 1253 2954 pessimus.

154 2966 201 3008 (5)
292 2966 395 3001 Idem
488 2977 495 3000 :
523 2968 646 3002 Minae
666 2977 756 3010 apro
775 2968 924 3009 dignae.
