2096 3481
871 219 1010 253 ANNO
1036 219 1119 252 1524
1749 220 1813 253 249

179 334 290 371 rium,
310 332 365 364 tot
380 341 498 374 regna
522 332 560 365 ct
584 332 761 368 dominia,
789 340 884 372 quae
908 331 981 372 ipsi
1006 332 1097 370 Deo,
1124 341 1146 364 a
1169 342 1242 373 quo
1267 342 1313 366 ea
1336 333 1515 374 accepisti
1539 332 1584 364 ab
1610 333 1711 365 omni
1729 332 1814 365 labe

179 387 322 426 illaesa,
342 388 380 420 et
404 388 441 420 in
467 388 615 420 sincera
639 387 727 419 fidei
751 387 916 428 puritate
941 396 1092 419 servare
1111 389 1264 421 teneris.
1290 388 1404 421 Vides
1429 389 1567 424 autem,
1593 388 1814 420 charissime

180 443 233 475 fili
261 444 402 481 noster,
429 452 522 483 quos
547 443 673 475 sentes
699 444 736 474 et
761 441 921 474 tribulos
946 452 1038 484 ager
1064 444 1214 476 Domini
1239 452 1307 485 per
1324 443 1529 483 nequitiam
1548 443 1813 475 seminantium

180 499 345 540 suscepit
363 508 370 530 :
391 500 492 537 tuam
509 499 670 540 patriam
697 499 834 538 tuaque
853 498 1034 538 tempora.
1053 499 1088 530 te
1107 499 1289 540 principe,
1310 498 1597 531 seditiosissima
1613 500 1651 531 et
1667 499 1816 539 impura

178 554 327 586 haeresi
355 554 598 595 coinquinata
622 553 765 591 cernis3
796 553 908 593 idque
938 562 982 584 eo
1012 554 1135 585 acrius
1165 553 1281 589 doles,
1312 563 1385 594 quo
1414 553 1574 585 istorum
1599 554 1754 585 audacia
1778 555 1816 586 ct

178 610 352 651 impietas
370 610 510 641 tantam
528 611 629 641 tuam
654 609 691 640 in
714 609 773 640 his
797 608 890 640 locis
908 609 1170 641 auctoritatem
1187 609 1470 650 potentiamque
1488 618 1561 640 non
1580 609 1812 658 reformidat,

178 665 305 703 immo,
326 666 365 696 ut
382 674 423 697 rc
440 665 523 706 ipsa
539 664 732 706 colligitur
751 663 850 695 haud
868 664 1039 702 obscure,
1055 665 1262 697 contemnit
1277 674 1284 696 :
1300 664 1365 696 ille
1383 664 1483 696 enini
1497 663 1610 704 hujus
1624 663 1814 706 sacrilegii

179 720 310 752 auctor
339 720 506 752 nefarius
535 720 572 752 et
599 719 770 761 perditus
798 718 1000 757 Lutherus,
1031 729 1257 761 quamquam
1285 720 1359 752 tuis
1388 719 1521 751 edictis
1554 719 1750 751 damnatus
1778 720 1816 752 et

177 775 374 817 profugus,
415 775 484 806 tibi
519 775 681 807 maxime
717 783 866 812 exosuS,
899 775 981 807 scre
1012 775 1151 816 ubique
1182 775 1344 813 fovetur,
1382 774 1539 815 ejusque
1571 774 1740 807 haeresis
1776 774 1814 806 in

179 831 388 863 animarum
406 831 574 871 quotidie
591 830 799 871 perniciem
818 829 1096 863 disseminatur.

222 886 326 919 Haec
356 895 425 928 pro
466 887 530 918 tua
563 886 602 918 in
635 886 756 918 Deum
790 885 933 926 pietate
969 887 1195 927 tuorumque
1231 887 1418 928 majorum
1454 885 1638 927 exemplis
1677 885 1815 918 scimus

178 942 426 983 iniquissimis
456 941 574 974 oculis
602 941 744 979 videre,
775 941 1003 981 auribusque
1032 942 1221 983 excipere,
1252 943 1475 983 dedisseque
1504 943 1591 974 tuae
1622 941 1816 982 piissimae

179 998 217 1030 et
242 997 477 1030 orthodoxae
497 997 702 1029 voluntatis
729 996 840 1038 plura
867 997 1008 1029 indicia
1034 999 1146 1038 atquc
1171 998 1444 1039 experimenta.
1476 997 1616 1029 Verum
1642 997 1719 1038 J'am
1747 997 1816 1028 tibi

179 1053 425 1085 annitendum
456 1053 607 1094 penitus
635 1053 705 1089 est,
735 1053 776 1084 ut
804 1052 858 1084 tui
887 1053 1002 1084 animi
1030 1052 1180 1093 plenam
1209 1053 1472 1086 executionem
1500 1053 1580 1085 Deo
1609 1052 1814 1093 concedas;

178 1108 278 1150 quod
295 1110 332 1140 te
349 1109 537 1140 facturum
563 1108 702 1139 nostris
718 1108 921 1148 praecipue
938 1108 1184 1149 temporibus,
1205 1108 1269 1149 qui
1286 1109 1322 1141 te
1339 1107 1584 1149 peculiariter
1600 1117 1643 1140 ac
1659 1108 1816 1148 paterne

178 1173 346 1197 amamus
378 1172 601 1205 semperque
633 1163 672 1195 in
703 1163 912 1195 minoribus
952 1163 1150 1201 coluimus,
1185 1173 1259 1195 non
1297 1164 1542 1196 mediocriter
1577 1163 1812 1195 confidimus.

178 1219 270 1253 Cum
302 1219 421 1261 igitur
451 1228 520 1260 pro
552 1218 695 1251 salubri
726 1218 884 1251 consilio
916 1219 1047 1251 fratris
1075 1220 1130 1251 tui
1159 1220 1393 1260 exequendo,
1424 1228 1504 1256 nos,
1540 1219 1603 1260 qui
1629 1227 1749 1260 nuper
1776 1219 1815 1250 in

177 1275 418 1309 Germaniam
446 1275 493 1307 ad
521 1275 683 1307 eundem
709 1275 867 1307 fratrem
894 1275 1000 1306 tuum
1029 1276 1066 1307 et
1093 1275 1140 1307 ad
1172 1284 1301 1307 omnes
1332 1275 1526 1316 principes
1553 1274 1596 1306 ‘in
1628 1274 1815 1306 conventu

178 1331 494 1373 Norimbergensi
515 1330 803 1372 congregandos
826 1330 879 1371 (ct
902 1330 1028 1370 infra),
1049 1330 1228 1363 dilectum
1245 1330 1365 1362 filium
1390 1331 1561 1362 nostrum
1585 1329 1815 1362 cardinalem

181 1385 427 1427 Campegium
454 1384 577 1416 virum
606 1385 732 1416 tantae
759 1384 816 1416 rei
843 1392 973 1425 parem
1000 1384 1151 1416 mittere
1180 1384 1470 1422 decreverimus,
1496 1383 1705 1425 majestatis
1729 1388 1816 1415 tuae

177 1442 305 1483 partes
340 1440 411 1472 hac
441 1441 480 1472 in
515 1449 557 1472 re
589 1448 672 1472 esse
704 1439 875 1480 cupimus
907 1448 983 1477 eas,
1017 1448 1109 1480 quas
1142 1439 1275 1481 dignas
1308 1439 1468 1473 Caesare
1500 1439 1740 1477 arbitramur,
1775 1440 1817 1470 ut

175 1495 359 1529 cardinali
387 1496 562 1536 sedisque
594 1494 823 1536 apostolicae
856 1495 901 1527 de
929 1494 1048 1527 latere
1080 1495 1219 1537 legato,
1262 1495 1488 1536 praesertim
1527 1495 1582 1527 tui
1622 1494 1817 1527 observan-

177 1551 323 1584 tissimo
353 1560 395 1584 ac
421 1560 490 1592 pro
520 1553 584 1583 tuo
613 1551 727 1583 etiam
754 1550 898 1582 honore
929 1551 1223 1591 provinciaeque
1253 1551 1453 1592 pacatione
1481 1559 1523 1582 ac
1555 1549 1816 1582 communibus

176 1607 470 1640 christianorum
487 1606 693 1638 commodis
710 1606 979 1647 proficiscenti,
999 1615 1083 1638 cum
1100 1606 1239 1647 ubique
1257 1607 1379 1638 tutum
1395 1607 1469 1638 iter
1485 1614 1717 1646 moramque,
1736 1606 1816 1637 tum

175 1664 414 1704 frequentem
446 1663 484 1694 et
514 1662 720 1704 benignum
750 1663 1000 1694 commeatum
1032 1661 1205 1694 exhiberi
1235 1662 1353 1694 facias
1385 1662 1607 1702 animosque
1647 1660 1815 1692 omnium

175 1719 403 1760 principum,
430 1719 506 1749 tam
530 1717 873 1749 ecclesiasticorum
900 1726 1012 1757 quam
1036 1717 1299 1755 saecularium,
1323 1717 1550 1758 publiceque
1575 1717 1614 1748 et
1636 1716 1814 1757 privatim

176 1774 250 1806 tuis
275 1774 321 1806 ad
345 1782 410 1806 eos
434 1773 556 1805 literis
580 1773 634 1804 ita
655 1781 872 1814 praepares,
892 1773 932 1804 ut
948 1773 1084 1805 veneni
1101 1768 1276 1814 expertes
1299 1782 1414 1814 puras
1439 1774 1477 1805 et
1499 1772 1581 1813 pias
1606 1771 1814 1804 sententias

175 1830 214 1862 in
232 1831 400 1862 favorem
418 1828 646 1861 sanctissimi
662 1828 751 1860 fidei
769 1837 811 1860 ac
825 1827 1054 1869 apostolicae
1068 1828 1275 1861 Caesareae
1290 1828 1488 1870 dignitatis
1501 1829 1634 1859 contra
1645 1827 1815 1868 impuros

176 1886 214 1918 et
225 1885 438 1917 haereticos
451 1885 553 1916 ferre
569 1884 734 1925 possintg
750 1892 975 1924 quamquam
987 1883 1137 1924 prolata
1151 1883 1228 1924 jam
1242 1893 1263 1916 a
1279 1885 1316 1916 te
1334 1883 1522 1916 sententia
1535 1882 1815 1923 haereticisque

175 1940 447 1977 condemnatis,
487 1938 581 1971 nihil
622 1938 782 1980 amplius
827 1939 865 1970 in
908 1938 1224 1971 consultationem
1263 1939 1393 1972 venire
1432 1940 1558 1980 potest
1593 1940 1657 1970 aut
1688 1938 1811 1976 debet,

176 2005 288 2037 quam
319 1997 360 2028 ut
390 1994 448 2027 illi
481 1994 582 2027 ultra
613 2004 687 2026 non
720 1994 934 2032 audiantur,
968 1994 1034 2026 sed
1066 1993 1263 2035 imperiale
1291 1995 1423 2027 contra
1454 2003 1518 2026 eos
1547 1994 1740 2026 decretum
1768 1993 1814 2025 ab

177 2052 350 2084 omnibus
375 2052 560 2083 servetur.
588 2050 668 2088 Quo
693 2058 783 2082 vero
801 2049 926 2081 studio
951 2059 1072 2090 quove
1095 2050 1224 2082 favore
1249 2049 1485 2082 celsitudinis
1510 2051 1596 2082 tuae
1620 2049 1717 2081 hanc
1733 2057 1815 2081 rem

176 2107 238 2150 agi
255 2107 440 2148 oporteat,
460 2115 534 2138 non
554 2106 724 2137 nostrum
741 2106 799 2137 est
814 2113 969 2137 monere
986 2104 1103 2143 illam,
1122 2106 1164 2137 ut
1180 2105 1510 2146 sapientissimam,
1526 2105 1590 2137 aut
1602 2103 1812 2145 impellere,

176 2164 218 2195 ut
239 2162 467 2204 piissimam3
493 2162 618 2193 tamen
643 2161 715 2193 hoc
743 2161 778 2193 ei
804 2161 1110 2199 memorabimus,
1136 2161 1175 2193 id
1204 2162 1303 2202 quod
1333 2162 1415 2202 ipsa
1439 2169 1508 2202 per
1535 2169 1575 2192 se
1597 2159 1815 2201 perspicere

176 2219 318 2260 potest:
338 2218 410 2250 hoc
426 2217 612 2249 conventu
638 2218 749 2256 atque
773 2216 882 2248 initio
908 2225 1086 2258 magnum
1110 2217 1341 2249 momentum
1366 2216 1429 2258 agi
1450 2215 1695 2257 extirpandae
1711 2214 1816 2247 illius

176 2273 359 2311 haeresis,
379 2273 509 2313 tuique
534 2272 687 2313 imperii
711 2273 749 2304 et
773 2272 1010 2304 auctoritatis
1034 2273 1073 2304 in
1098 2272 1311 2311 Germania,
1338 2281 1413 2304 non
1438 2271 1560 2303 solum
1586 2269 1816 2312 apostolicae

178 2328 386 2372 dignitatis,
412 2328 520 2369 cujus
545 2328 747 2360 advocatus
772 2328 810 2360 et
834 2327 1011 2360 defensor
1035 2336 1118 2360 csse
1143 2327 1269 2366 debes,
1296 2327 1576 2360 conservandae
1600 2327 1639 2359 et
1655 2325 1816 2358 firmiter

177 2384 477 2418 constituendae.

220 2452 357 2484 Datum
373 2459 461 2484 xvn.
479 2450 655 2483 Januarii
671 2459 830 2483 MDxxiv.
849 2460 960 2482 anno.
982 2450 1012 2482 1.

527 2538 711 2571 Odoricus
724 2538 959 2580 Raynafflus,
978 2537 1145 2571 Annales
1165 2535 1422 2576 Ecclesiasticz',
1442 2537 1525 2570 (leel
1542 2537 1626 2575 XX,
1646 2536 1715 2569 blz.
1736 2536 1812 2575 401,

571 2600 623 2626 nrs
647 2595 679 2632 2,
704 2593 736 2626 3.
755 2613 798 2617 -
821 2594 961 2626 Aldaar
985 2594 1107 2625 wordt
1132 2593 1392 2636 aangcmerkt,
1420 2594 1483 2625 dat
1507 2593 1710 2635 Campegio
1736 2593 1815 2625 niet

571 2650 693 2683 alleen
713 2651 806 2682 door
831 2650 902 2682 den
928 2650 1040 2687 Paus,
1067 2658 1172 2682 maar
1189 2648 1263 2681 ook
1281 2650 1375 2681 door
1392 2649 1438 2682 de
1455 2647 1729 2691 eenparighcid
1746 2648 1814 2680 der

569 2705 795 2738 kardinalcn
820 2706 923 2738 werd
949 2705 1161 2747 aangcduid
1187 2714 1247 2737 om
1272 2705 1332 2737 die
1356 2705 1517 2746 zending
1532 2705 1571 2736 in
1589 2704 1614 2736 ‘t
1632 2703 1812 2737 Duitsche

570 2761 662 2802 Rijk
690 2763 727 2794 tc
755 2761 1012 2803 volbrcngcn3
1044 2761 1305 2793 daarcnboven
1335 2761 1399 2792 dat
1422 2759 1589 2792 dezelfdc
1615 2759 1811 2792 kardinaal

571 2817 646 2848 ook
663 2817 874 2860 zendingcn
892 2816 1089 2849 volbracht
1112 2816 1217 2849 heeft
1234 2817 1272 2848 in
1290 2815 1512 2858 Hongarije‚
1532 2815 1809 2853 Dencmarken,

569 2872 742 2909 Zweden,
769 2872 1023 2913 Noorwegen,
1050 2872 1096 2904 de
1121 2871 1388 2904 Nederlanden
1406 2870 1554 2914 (Zeyatz'o
1570 2868 1737 2914 Belyica,
1756 2871 1811 2904 zie

571 2927 706 2961 verder
722 2927 810 2960 stuk
827 2933 866 2960 11¹·
882 2927 972 2968 202),
994 2927 1111 2960 Polcn
1129 2936 1175 2960 en
1193 2927 1368 2960 Pruiscn.
