2096 3481
374 314 436 347 438
1064 310 1200 345 ANNO
1227 311 1310 344 1525

372 424 560 456 statuitur.
589 422 766 465 Regnum
794 421 891 455 enim
919 421 989 455 Dei
1017 431 1091 454 non
1115 422 1220 455 venit
1243 431 1327 455 cum
1357 421 1634 459 observatione,
1661 421 1738 455 sive
1763 421 1909 455 dierum
1933 421 1998 455 aut

372 487 629 519 personarum,
660 478 737 510 sive
765 476 947 515 locorum,
978 477 1190 518 temporum
1218 479 1282 510 aut
1312 478 1494 515 ciborum,
1524 477 1601 509 sive
1633 476 1747 509 etiam
1772 476 1932 509 vestium
1959 476 1998 509 et

372 533 682 574 ceremoniarum,
715 532 753 564 in
786 532 920 572 quibus
954 533 1054 564 totus
1086 533 1223 574 regnat
1253 532 1446 565 Romanus
1478 531 1666 568 Pontifex,
1700 531 1766 564 sed
1798 531 1898 563 intra
1928 540 1996 563 nos

372 592 440 621 cst.
472 588 591 620 Porro
621 590 746 621 autem
774 588 872 628 quod
890 588 1005 620 Petro
1030 588 1168 620 dicitur
1186 597 1193 620 :
1222 601 1237 615 u
1254 589 1302 622 Et
1319 590 1357 620 tu
1376 588 1575 629 aliquando
1593 596 1793 620 conversus
1817 588 1998 621 confirma

370 645 508 676 fratres
534 645 629 681 tuos,
647 659 662 671 „
689 643 860 675 omnibus
887 643 1036 679 dicitur,
1063 643 1126 683 qui
1151 652 1235 675 cum
1260 644 1388 680 Petro,
1408 643 1526 679 Petri,
1546 642 1617 675 1100
1641 644 1709 680 est,
1728 642 1871 675 solidae
1893 641 1996 675 illius

369 700 499 740 petrae
524 697 665 730 Christi
688 707 757 739 per
782 698 954 739 spiritum
978 697 1154 730 videlicet
1178 698 1266 731 fidei
1291 699 1526 731 confessores
1551 699 1649 730 sunt.
1669 697 1879 738 Unicuique
1896 697 1997 730 enim

370 752 575 785 christiano
604 753 799 789 incumbit,
829 753 870 784 ut
896 753 1033 785 fratres
1065 762 1152 785 suos
1181 762 1227 786 ex
1255 753 1440 786 charitate
1464 753 1634 785 fraterna
1664 751 1820 791 soletur,
1851 752 1994 791 doceat,

368 808 464 841 benc
482 808 645 846 moneat,
664 808 702 839 in
721 807 795 840 fide
813 808 1024 840 confirmet.

411 862 624 896 Montanus.
657 862 750 900 Vah,
785 871 896 902 quam
927 861 1024 894 male
1057 863 1173 895 sentit
1203 863 1265 895 hic
1297 862 1408 895 homo
1440 863 1486 895 de
1516 862 1687 895 Romano
1720 861 1917 900 Pontifice‚
1950 861 1997 895 de

368 918 532 959 primatu
551 917 657 950 Petri
674 919 712 950 et
736 917 781 950 de
807 916 990 950 ecclesiae
1009 917 1257 950 authoritate!
1285 918 1367 950 Nisi
1392 918 1431 950 tu
1457 917 1606 958 quidem
1630 917 1724 950 haec
1746 916 1994 954 revocaveris,

368 972 616 1014 paucissimos
635 972 736 1003 intra
753 971 832 1003 dies
851 972 892 1003 ut
908 971 1123 1004 haereticus
1144 972 1389 1004 combureris.

419 1025 634 1059 Wordenas.
669 1026 795 1068 Agite,
829 1026 1003 1066 expedite
1034 1035 1182 1068 rogum,
1223 1027 1322 1059 ferte
1354 1026 1419 1058 citi
1457 1026 1645 1068 fiammas;
1678 1027 1770 1059 satis
1808 1026 1996 1058 minarum

369 1082 497 1114 datum
517 1082 584 1114 est.

410 1136 623 1170 Montanus.
655 1137 739 1169 Non
768 1136 891 1169 credis
918 1137 1080 1169 fortasse
1108 1137 1183 1169 tam
1212 1137 1335 1169 dirum
1367 1137 1592 1178 supplicium
1623 1137 1692 1169 tibi
1719 1137 1929 1174 imminere,
1958 1137 1997 1170 et

366 1193 481 1226 verba
512 1194 641 1225 nostra
670 1202 738 1234 pro
770 1191 899 1224 fabula
929 1191 1057 1229 habeS,
1091 1193 1200 1225 video
1231 1202 1239 1224 :
1281 1201 1326 1225 ea
1357 1202 1418 1225 res
1446 1193 1699 1225 confidentem
1726 1193 1763 1225 te
1790 1193 1893 1225 facit.
1923 1192 1996 1225 Sed

366 1257 476 1289 quam
504 1257 578 1280 non
606 1257 699 1281 vane
727 1248 795 1280 tibi
823 1247 894 1280 hoc
922 1247 1226 1285 interminemur,
1257 1247 1330 1280 nisi
1358 1248 1506 1281 mature
1529 1247 1748 1289 resipueris,
1773 1247 1995 1289 propediem

368 1303 589 1345 experieris.

417 1357 622 1392 Wordenas
636 1358 696 1400 (1).
731 1357 829 1396 Quin
860 1358 1074 1400 properatis
1106 1358 1330 1400 sanguinem
1362 1367 1486 1391 meum
1516 1358 1762 1400 profundere,
1790 1357 1830 1390 in
1857 1366 1930 1398 quo
1958 1357 1997 1391 et

367 1423 499 1446 manus
516 1414 659 1446 vestras
676 1413 809 1446 lavetis
823 1414 835 1445 2

409 1467 682 1503 Rosemundus.
711 1468 783 1508 Ah,
817 1477 928 1510 quam
958 1469 1098 1501 misere
1128 1468 1311 1510 pestilens
1334 1469 1408 1502 ista
1434 1468 1738 1502 Lutheranorum
1761 1467 1930 1502 haeresis
1958 1468 1996 1501 te

367 1525 536 1558 seduxit!

409 1580 624 1613 Montanus.
644 1579 741 1618 Quid
759 1580 804 1612 de
822 1581 858 1612 te
876 1579 1026 1612 tandem
1044 1580 1251 1612 statuetur?
1268 1579 1362 1618 Quid
1380 1580 1426 1612 de
1443 1581 1479 1613 te
1496 1580 1582 1613 fiet?

410 1633 726 1677 Enchusanusoe).
758 1635 918 1668 Domine
945 1635 968 1668 J
973 1644 1125 1674 oannes,
1156 1644 1223 1667 cur
1240 1644 1314 1667 non
1330 1634 1524 1676 paululum
1548 1635 1726 1676 quiddam
1747 1639 1850 1667 tuam
1873 1642 1995 1668 saeve-

363 1691 515 1723 ritatem
539 1691 723 1723 remittis?
751 1689 955 1729 ConcecIas,
986 1699 1139 1732 quaeso,
1172 1689 1344 1722 nonnihil
1377 1690 1528 1723 domino
1559 1690 1831 1727 commissario,
1861 1689 1925 1730 qui
1955 1690 1994 1723 te

363 1747 552 1780 servatum
568 1745 659 1784 vult,
679 1755 754 1778 non
772 1745 994 1778 extinctum.

412 1800 630 1835 Wordenas.
664 1800 761 1838 Quid
792 1801 927 1833 faciam
959 1802 1111 1834 autem?
1149 1802 1190 1833 ut
1221 1809 1357 1834 nomen
1389 1801 1460 1834 Dei
1490 1801 1565 1834 mei
1596 1801 1779 1841 abiurem,
1811 1801 1850 1834 et
1878 1800 1992 1834 fidem

362 1857 570 1899 abnegem?
602 1857 640 1889 et
670 1856 709 1888 in
741 1855 929 1889 Sathanae
960 1857 1085 1889 castra
1114 1856 1287 1898 proditor
1325 1856 1598 1899 transfugiam?
1634 1856 1723 1889 idne
1756 1855 1870 1889 vultis
1908 1865 1991 1890 esse

362 1912 540 1945 authores
557 1911 671 1943 mihi?

403 1965 660 2000 Enchusanus.
680 1966 836 2000 Minime
855 1976 862 1999 :
884 1967 950 2000 sed
974 1968 1016 1999 ut
1039 1966 1207 2009 rigorem
1232 1968 1318 2001 tuae
1342 1967 1552 2000 sententiae
1570 1967 1617 2001 de
1633 1967 1783 2000 statutis
1807 1966 1991 2000 ecclesiae

359 2021 554 2064 paululum
577 2022 751 2064 mitiges;
779 2023 878 2063 quod
903 2022 934 2054 si
957 2022 1109 2060 feceris,
1129 2031 1282 2064 operam
1307 2023 1477 2055 dabimus
1503 2022 1549 2055 ad
1572 2032 1688 2055 unum
1705 2031 1847 2060 omnes,
1873 2022 1915 2054 ut
1930 2021 1990 2054 his

359 2077 519 2111 vinculis
537 2078 753 2119 expediare.

410 2131 628 2166 Wordenas.
648 2132 743 2175 Age,
761 2132 833 2165 hoc
851 2133 943 2166 adeo
960 2134 1109 2172 faciam,
1124 2134 1166 2165 ut
1182 2134 1355 2176 mitigem
1372 2134 1598 2166 sententiam
1614 2142 1750 2174 meam,
1768 2133 1891 2175 quoad
1907 2133 1988 2167 eius

358 2188 461 2221 salva
476 2188 549 2221 fide
567 2188 821 2221 conscientiae
839 2188 924 2221 fieri
940 2189 1095 2230 poterit.
1114 2188 1230 2221 Detur
1246 2188 1339 2221 mihi
1356 2188 1521 2221 calamus
1538 2197 1623 2221 cum
1640 2188 1783 2221 charta.

401 2244 616 2277 Montanus.
635 2243 739 2276 Bene
756 2243 882 2276 habet.
902 2243 971 2276 Eia
987 2244 1169 2285 praebeas
1187 2245 1238 2285 te,
1256 2253 1410 2285 quaeso,
1429 2243 1677 2277 tractabilem.
1710 2268 1713 2270 .

407 2297 624 2332 Wordenas.
645 2298 718 2332 Sed
734 2307 868 2332 vereor
892 2308 939 2332 110
962 2298 1052 2331 111110
1074 2299 1214 2332 iterum
1238 2299 1405 2341 aperiam
1429 2300 1636 2332 fenestram
1660 2299 1836 2341 captandi
1851 2300 1890 2333 et
1905 2299 1986 2333 illa-

358 2354 521 2395 queandi
537 2363 596 2387 me
611 2354 672 2396 (3).

399 2409 611 2443 Montanus.
643 2408 748 2442 Nihil
776 2410 834 2442 est
862 2409 961 2450 quod
988 2418 1163 2451 vereare3
1196 2409 1361 2452 benigne
1393 2410 1430 2443 te
1462 2409 1717 2448 tractabimus,
1751 2410 1783 2442 si
1813 2410 1851 2443 te
1877 2409 1985 2443 nobis

355 2465 519 2507 benigne
537 2465 766 2497 demisseris.

405 2519 622 2553 Wordenas.
643 2520 699 2552 En
717 2519 864 2552 habetis
889 2520 978 2560 quid
996 2520 1157 2553 sentiam
1174 2521 1213 2552 in
1230 2529 1373 2562 genere
1397 2520 1443 2553 de
1460 2519 1611 2553 statutis
1636 2519 1810 2553 humanis
1829 2528 1837 2553 :
1856 2520 1924 2553 sed
1939 2529 1986 2554 ea

360 2575 446 2617 lege
464 2574 536 2607 hoc
552 2575 658 2607 vobis
677 2575 807 2613 offerO,
826 2576 867 2607 ut
883 2584 928 2608 ne
947 2576 992 2607 ad
1011 2575 1188 2617 specialia
1204 2585 1264 2608 me
1281 2575 1434 2608 vocetis.

396 2630 608 2663 Montanus.
628 2629 794 2672 Legatis,
815 2630 965 2663 domine
982 2630 1148 2663 Ruarde.

396 2683 651 2718 Enchusanus.
686 2699 701 2712 κ
722 2686 778 2719 1)0
810 2685 1144 2718 constitutionibus
1181 2685 1365 2719 ecclesiae
1391 2686 1430 2718 id
1458 2686 1592 2725 sentio,
1622 2685 1723 2727 ipsas
1747 2686 1890 2719 temere
1907 2694 1982 2718 non

397 2836 443 2876 (l)
468 2837 515 2868 In
539 2837 710 2878 maryine
729 2846 736 2869 :
762 2837 941 2870 Animose
958 2838 995 2870 et
1011 2838 1173 2870 fortiter.

396 2890 443 2930 (2)
533 2890 639 2922 Idem
730 2901 737 2923 :
764 2892 911 2924 Rursus
929 2892 1056 2925 blandi
1074 2893 1181 2925 fiunt.

395 2944 442 2986 (3)
531 2944 636 2979 Idem
727 2956 735 2978 :
762 2946 986 2980 Conticuere
1000 2947 1202 2990 paulisper,
1216 2947 1304 2982 dum
1316 2947 1592 2981 confessionem
1606 2956 1711 2982 suam
1723 2947 1979 2981 conscriberet

806 3002 966 3034 vinctus.

2068 2859 2091 2888 ἦ

2081 2895 2087 2903 ,

2081 2925 2089 2943 t
