2096 3481
360 231 424 264 4:36
1045 224 1180 258 ANNO
1209 224 1289 256 15‘25

356 338 581 372 confessioni
614 336 791 377 quosdam
823 334 916 367 alios
947 332 1123 366 articulos
1158 332 1462 374 superaddendos
1494 331 1686 372 elicerent,
1719 340 1764 364 ne
1802 331 1965 374 coniugij

358 396 498 427 tantum
517 392 661 424 ratione
678 390 866 422 hominem
881 388 1019 428 alioqui
1034 389 1071 420 et
1088 387 1185 420 vitae
1203 388 1240 419 et
1257 386 1418 418 nominis
1432 385 1625 427 inculpati,
1645 386 1709 418 sed
1723 387 1759 419 et
1775 385 1975 419 haereseos

358 447 662 481 condemnarent.
679 445 751 477 Ubi
766 443 880 476 nolim
898 444 933 475 te
947 442 1075 478 latere.
1091 441 1309 474 charissime
1323 440 1453 480 lector,
1469 449 1541 472 non
1556 441 1680 472 omnia
1692 449 1786 482 quae
1804 440 1976 481 sequenti

361 502 581 543 dialogismo
597 500 820 534 inferentur.
836 507 908 529 uno
923 497 993 528 hoc
1007 496 1066 528 die
1081 497 1162 528 acta
1177 495 1313 528 fuisse:
1333 495 1397 527 sed
1412 504 1456 526 cx
1471 494 1653 532 omnibus,
1670 503 1763 535 quae
1777 494 1879 527 varie
1891 495 1977 536 post

363 559 489 589 secuta
501 556 597 593 sunt,
607 553 802 594 colloquiis
816 554 852 584 et
866 550 1181 591 inquisitionibus,
1191 549 1283 582 haec
1294 558 1388 590 quae
1402 549 1510 580 modo
1525 548 1693 581 dabimus
1707 557 1788 582 esse
1801 549 1979 590 excerpta

363 609 590 647 memineris,
610 610 720 649 atquc
737 607 775 639 in
792 607 891 638 hunc
909 605 1059 638 tertium
1077 613 1318 646 congressum
1337 605 1528 645 congesta,
1555 612 1600 636 ne
1618 603 1648 635 si
1674 602 1823 645 singula
1847 603 1978 636 ordine

363 665 632 699 scriberentur,
650 662 829 704 pleraque
848 660 953 692 nobis
975 660 1019 691 ad
1046 668 1221 691 nauseam
1247 659 1372 691 forent
1388 658 1615 698 repetenda:
1641 666 1725 689 cum
1750 666 1822 690 non
1846 665 1978 698 parum

362 719 479 752 multa
507 718 702 760 nugaciter
730 715 926 748 admodum
955 714 992 745 in
1021 713 1292 754 posterioribus
1319 712 1584 754 congressibus
1616 712 1660 744 ab
1692 711 1979 753 inquisitoribus

363 775 511 807 recocta
524 773 679 806 fuerint.
694 770 816 809 Quare
834 769 893 801 hic
911 768 1043 801 tertius
1062 768 1128 800 tibi
1145 776 1369 809 congressus
1386 768 1479 804 esto,
1495 766 1559 799 sed
1577 775 1622 799 ex
1640 765 1767 798 multis
1783 765 1978 799 conflatus.

711 899 846 945 [Derde
871 897 1157 941 onclervraffl‘ny,
1185 897 1222 930 12
1244 897 1326 932 Julz·
1352 897 1436 931 4525
1459 908 1504 931 en
1528 896 1640 941 vola]

978 974 1120 1008 Tertius
1143 982 1366 1016 conyressus.

411 1067 622 1101 Montanus.
638 1063 746 1102 Quid,
762 1062 910 1095 domine
926 1060 1112 1094 ‹Ioannes't
1125 1059 1342 1102 recogitasti
1359 1059 1396 1091 in
1414 1059 1536 1092 animo
1551 1059 1687 1097 omnia,
1703 1067 1797 1100 quae
1814 1058 1883 1092 tibi
1899 1057 1983 1092 heri

369 1122 499 1155 abiens
516 1119 800 1153 mandaveram?

417 1174 631 1209 Wordenas.
650 1173 833 1206 Accurate
853 1171 991 1203 omnia.

410 1229 620 1264 Montanus.
643 1228 739 1266 Quid
756 1236 847 1269 ergo
866 1226 979 1259 animi
1000 1226 1056 1258 est
1073 1225 1163 1257 tibi?

417 1284 632 1317 Wordenas.
651 1283 850 1322 Nunquam
868 1289 962 1321 eque
982 1281 1023 1312 ac
1040 1280 1150 1312 modo
1168 1280 1294 1320 quieto
1313 1278 1435 1311 animo
1453 1278 1520 1310 fui.

415 1337 681 1374 Rosemmulus.
700 1337 798 1370 Num
816 1335 966 1368 sensisti
990 1335 1026 1367 in
1053 1335 1165 1367 corde
1192 1338 1254 1366 tuo
1279 1333 1516 1375 precularum
1534 1341 1700 1365 mearum
1718 1332 1791 1364 vim
1815 1332 1854 1365 et
1875 1340 1981 1365 ener-

371 1395 494 1437 giam?
512 1393 632 1426 Hodie
650 1393 761 1430 enim,
788 1400 871 1423 cum
896 1399 975 1422 rem
1001 1390 1159 1421 divinam
1185 1390 1361 1427 facerem,
1381 1388 1597 1420 ardentibus
1613 1387 1708 1420 votis
1725 1387 1844 1420 Deum
1859 1395 1928 1429 pro
1945 1387 1984 1420 te

370 1459 450 1482 sum
468 1448 739 1489 comprecatus.
757 1445 988 1478 Sensistine2

419 1502 635 1536 IVordenas.
654 1501 737 1534 Non
756 1500 914 1533 sentiam
939 1498 1027 1539 quid
1051 1498 1170 1539 possit
1193 1498 1281 1530 boni
1298 1498 1369 1530 viri
1392 1497 1582 1539 precatio?
1598 1496 1646 1539 (1)
1663 1495 1789 1530 Mente
1806 1495 1984 1529 nimirum

373 1559 513 1600 optima
530 1566 624 1590 sum.

413 1614 624 1645 Montanus.
645 1610 762 1652 Euge,
781 1609 877 1642 bene
894 1608 1018 1641 habet.
1038 1608 1196 1640 Paratus
1215 1601 1330 1649 igitu'r
1348 1616 1387 1639 es
1403 1615 1581 1639 revocare
1599 1606 1735 1644 omnia,
1754 1605 1900 1638 nonne?

421 1666 638 1700 Wordenas.
657 1666 847 1702 Quaenam
866 1664 1012 1696 omnia?
1029 1663 1076 1704 (2)

414 1723 624 1754 Montanus.
644 1720 757 1760 Perij,
778 1719 823 1751 ad
840 1718 1032 1760 ingenium
1050 1717 1159 1750 redit.
1179 1717 1338 1750 Errores
1356 1717 1450 1755 tuos,
1466 1716 1640 1757 pessime.

420 1775 637 1809 Worctenas.
656 1774 740 1807 Non
758 1773 892 1811 erravi,
913 1773 1010 1813 quod
1029 1772 1156 1808 sciam,
1175 1772 1212 1803 in
1227 1772 1372 1804 ratione
1390 1771 1478 1803 fidei
1495 1779 1599 1803 meae
1616 1769 1720 1802 vobis
1738 1769 1835 1802 data.

419 1828 672 1863 Enchusanus.
700 1828 782 1860 Non
813 1827 973 1860 errasti?
1001 1827 1168 1859 Primum
1196 1835 1327 1867 parum
1355 1825 1415 1866 pie
1444 1825 1560 1857 sentis
1588 1825 1633 1857 de
1660 1823 1988 1857 constitutionibus

373 1885 566 1922 ecclesiae,
589 1893 693 1924 quas,
713 1885 752 1915 ut
769 1881 1047 1914 inobedientiae
1064 1880 1175 1918 tilius,
1195 1889 1312 1912 uxore
1326 1880 1447 1918 ducta,
1462 1879 1718 1920 contempsisti
1734 1877 1988 1919 illiberalitert,

374 1940 471 1981 quod
492 1939 641 1980 quidem
659 1938 855 1970 ferendum
873 1936 993 1968 adhuc
1011 1937 1110 1968 esset
1126 1937 1163 1967 et
1179 1934 1387 1976 poenitenti
1403 1934 1682 1972 remittendum,
1701 1933 1773 1965 nisi
1785 1932 1857 1966 hoc
1867 1932 1990 1974 ipsum

376 1995 491 2027 licere
509 1994 576 2025 tibi
594 1993 674 2025 iure
693 1992 817 2024 divino
834 1991 1132 2032 pertinacissime
1149 1989 1408 2021 contenderes.
1426 1988 1518 2021 Idne
1535 1997 1663 2021 errare
1679 1988 1757 2020 est?
1770 1987 1818 2030 (3)

425 2047 640 2081 Wordenas.
672 2047 851 2087 Equidem
883 2045 1099 2087 coniugium
1128 2053 1250 2076 meum
1282 2042 1544 2084 plausibilibus
1574 2043 1736 2084 primum
1766 2041 1988 2081 rationibus,

375 2103 509 2136 deinde
527 2105 565 2134 et
581 2100 870 2134 evidentissimis
887 2099 1083 2140 seripturis
1107 2100 1145 2131 et
1168 2097 1350 2138 exemplis
1376 2097 1521 2129 asserui
1545 2098 1583 2129 et
1606 2096 1836 2135 confirmavi,
1855 2096 1990 2137 quibus

377 2157 550 2190 omnibus
575 2156 605 2188 si
631 2154 722 2187 nihil
742 2154 839 2195 apud
857 2164 920 2186 vos
937 2154 1145 2195 profecere,
1172 2153 1332 2184 animam
1356 2151 1477 2184 adhuc
1500 2160 1612 2184 unam
1634 2150 1819 2192 reliquam
1841 2149 1962 2183 habeo
1980 2159 1989 2183 ε

377 2221 486 2253 quam
506 2210 598 2243 nihil
616 2209 793 2252 gravabo,
813 2209 890 2241 Deo
909 2208 1086 2249 propitio,
1104 2208 1294 2248 postremo
1311 2205 1392 2238 loco
1410 2206 1639 2246 profundere
1656 2205 1703 2247 (4)
1723 2214 1730 2237 :
1749 2205 1791 2238 ut
1806 2205 1991 2248 sanguine

377 2266 520 2299 scilicet
547 2274 628 2297 meo
657 2264 875 2296 confirmem
901 2263 998 2302 quod
1028 2261 1242 2302 Scripturae
1271 2260 1498 2293 authoritate
1527 2260 1682 2293 asserui.
1712 2260 1869 2293 Praeter
1896 2259 1992 2292 hanc

379 2321 539 2354 animam
557 2318 650 2351 nihil
669 2317 828 2359 amplius
845 2317 977 2355 habeo,
998 2317 1096 2357 quod
1112 2325 1180 2358 pro
1205 2314 1399 2357 Evangelij
1428 2314 1551 2357 gloria
1573 2314 1818 2348 vindicandae
1841 2313 1992 2348 veritati

378 2375 603 2416 impendam.
624 2373 704 2406 Hoc
722 2373 785 2404 ubi
802 2373 941 2404 factum
954 2371 1082 2407 fuerit,
1101 2380 1174 2402 non
1200 2371 1273 2403 erit
1297 2369 1395 2410 quod
1419 2369 1512 2401 mihi
1529 2369 1790 2410 exprobretur,
1809 2377 1933 2410 spero,
1952 2368 1992 2401 in

379 2439 520 2462 summo
553 2428 618 2460 illo
651 2427 791 2460 Christi
825 2427 1009 2465 examine,
1044 2425 1149 2466 quasi
1180 2425 1294 2457 vitam
1328 2433 1450 2457 meam
1483 2424 1564 2465 ipso
1598 2423 1756 2456 Domino
1795 2422 1993 2456 habuerim

380 2485 602 2517 chariorem.

423 2539 633 2572 Montanus.
652 2537 745 2570 Vide
771 2537 908 2575 autem,
936 2545 982 2569 ne
1006 2535 1116 2568 nimis
1140 2533 1301 2568 calidum
1319 2533 1367 2567 sit
1383 2532 1453 2566 hoc
1470 2533 1574 2566 tuum
1591 2532 1788 2566 consilium
1805 2533 1843 2567 et
1858 2541 1993 2575 propo-2

383 2595 505 2626 situm.
527 2594 657 2634 Neque
674 2592 828 2624 inducas
845 2592 1009 2624 animum
1026 2591 1142 2630 tuum,
1163 2589 1286 2628 velim,
1308 2599 1374 2621 nos
1392 2589 1612 2631 sanguinem
1629 2589 1733 2621 tuum
1749 2588 1876 2630 sitire3
1902 2587 1991 2629 quin

425 2735 471 2777 (l)
496 2736 541 2768 In
566 2736 736 2778 margine
756 2743 762 2766 t
782 2733 921 2767 Ironia.

425 2793 471 2831 (2)
560 2789 664 2822 Idem
755 2797 761 2821 t
790 2790 883 2830 Lupi
901 2788 1038 2822 hiantis
1055 2788 1092 2821 in
1110 2796 1252 2821 morem
1269 2787 1389 2821 delusi
1408 2786 1663 2829 inquisitores.

426 2845 472 2885 (3)
561 2844 666 2877 Idem
758 2852 764 2875 :
784 2843 978 2886 Epilogus.

428 2899 475 2940 (4)
563 2898 666 2932 Idem
757 2908 764 2930 :
784 2899 1001 2932 Constantia
1016 2898 1205 2940 martyris.
