2096 3481
820 241 957 276 ANNO
983 243 1065 275 1522
1709 243 1770 275 107

177 355 366 388 Profiteor
395 356 517 388 autem
537 365 595 388 me
614 356 703 388 hacc
722 356 848 388 omnia
864 358 902 389 et
918 357 999 389 sine
1013 358 1228 390 conditione
1261 367 1450 391 revocare.
1477 368 1522 391 cx
1540 359 1664 391 animo
1697 359 1769 391 sin-

134 419 221 443 cero
238 409 349 451 plene
363 410 408 444 de
436 410 595 444 veritate
612 411 829 449 instructus,
849 412 887 444 et
909 411 995 453 juro
1013 421 1080 453 per
1104 414 1271 445 sanctam
1296 412 1521 445 Trinitatem
1539 419 1577 446 et
1593 423 1661 454 per
1677 413 1770 446 haec

133 466 372 498 sacrosancta
387 465 595 508 evangelia,
615 475 674 498 me
691 466 729 498 in
744 466 902 499 veritate
919 466 1100 500 ecclesiae
1119 467 1327 501 catholicae
1344 477 1493 509 semper
1506 471 1544 501 et
1561 469 1641 501 sine
1656 469 1769 501 dubio

131 529 432 561 permansurum,
446 523 482 553 et
498 530 640 556 omnes.
654 521 718 562 qui
735 525 869 554 contra
884 520 980 554 hanc
999 523 1110 554 iidem
1128 523 1319 555 senserint
1335 532 1418 555 cuni
1437 523 1676 565 dogmatibus
1694 524 1771 556 suis

135 576 290 608 aeterno
315 574 553 608 anathemate
571 576 706 618 (lignos
731 585 813 608 esse
830 577 1059 617 pronuntio;
1090 578 1138 615 ct,
1159 578 1189 609 si
1215 587 1286 620 ego
1305 577 1506 618 aliquando
1523 578 1636 619 (quod
1662 579 1772 619 absit)

136 628 278 670 aliquid
295 631 428 663 contra
454 630 597 663 sentire
625 632 690 663 aut
707 631 833 663 dicere
850 631 914 663 aut
931 632 1097 664 scribere
1114 641 1416 674 praesumpsero,
1435 641 1620 665 canonum
1638 634 1774 666 severi-

136 684 204 717 tati
229 684 455 725 subjaceam,
475 686 512 718 et
525 685 702 718 aeternae
719 695 863 727 poenae
892 685 1081 729 obligatus
1095 687 1279 720 inveniar.

179 738 264 777 Sed,
283 740 372 780 quia
383 740 532 772 videtur
544 741 749 782 expediens
765 741 1044 774 revocationem
1076 742 1213 774 factam
1227 742 1439 780 declarare,
1461 743 1502 774 ut
1514 751 1585 785 ego
1611 743 1773 775 lucidius

134 794 372 828 manifestem
401 794 512 828 fidem
537 796 575 828 et
599 795 861 828 credulitatem
879 805 1001 829 meam
1029 797 1130 829 cirea
1153 798 1350 830 materiam
1383 797 1665 838 praedictorum
1691 799 1776 830 arti-

135 848 318 887 culorum,
348 851 482 888 fateor,
523 859 607 882 cum
635 851 818 883 senserim
846 852 884 883 et
911 851 1140 892 scripserim,
1166 851 1392 884 christianos
1417 860 1499 884 esse
1528 852 1707 885 adductos
1736 853 1773 885 in

134 904 354 937 servitutem
382 914 450 946 per
476 905 662 947 jejunium
688 906 726 938 et
764 905 858 938 alios
887 906 982 939 ritus
1010 908 1298 948 praeceptorum
1330 906 1684 945 ecclesiasticorum,
1715 917 1774 940 me

135 959 332 992 aberrasse
349 962 482 993 contra
512 960 638 1003 legem
669 961 738 994 Dei
764 963 802 993 et
829 961 912 1002 eJus
944 961 1166 1000 Ecclesiam,
1195 961 1333 995 tollens
1359 962 1510 994 modum
1542 963 1775 1003 reprimendi

136 1014 262 1047 carnis
284 1014 536 1048 rebellionem
560 1017 598 1048 et
629 1015 822 1049 alliciendi
850 1016 896 1048 ad
925 1016 1019 1049 illud
1047 1026 1115 1058 per
1140 1017 1239 1058 quod
1267 1017 1476 1058 impeditur
1504 1017 1629 1050 anima
1661 1027 1707 1050 ne
1737 1018 1775 1050 in

136 1069 256 1102 Deum
273 1068 455 1108 elevetur,
472 1071 537 1102 sed
549 1072 587 1103 et
604 1071 650 1103 ad
666 1070 761 1103 illud
778 1080 847 1112 per
861 1072 959 1111 quod
977 1071 1103 1112 potius
1116 1072 1154 1104 in
1169 1072 1390 1104 servitutem
1403 1072 1547 1112 peceati
1565 1072 1775 1114 redigatur.

182 1124 290 1158 Unde
322 1125 432 1158 teneo
461 1126 500 1158 et
527 1126 640 1158 eredo
672 1126 769 1158 bene
797 1126 1022 1158 informatus
1054 1127 1092 1159 et
1118 1126 1229 1168 plene
1257 1126 1476 1165 instructus,
1496 1127 1775 1160 observantiam

132 1179 365 1220 jejuniorum
379 1180 724 1213 ecelesiasticorum
748 1180 1057 1214 rationalibiliter
1082 1182 1289 1223 inJ'unctam
1315 1192 1397 1215 esse
1423 1182 1564 1215 Christi
1588 1182 1776 1221 fidelibus,

134 1235 173 1266 et
188 1234 234 1266 ad
247 1234 524 1268 observantiam
542 1235 638 1277 legis
656 1236 803 1269 divinae
821 1237 859 1268 et
877 1236 1202 1278 transgredientes
1215 1237 1429 1269 mortaliter
1444 1237 1678 1277 delinquere,
1706 1237 1777 1269 nisi

135 1298 182 1322 ex
198 1289 415 1322 rationabili
433 1299 546 1323 causa
562 1290 736 1323 venirent
760 1291 976 1323 excusandi.
997 1291 1126 1329 Quoad
1144 1293 1388 1333 praeceptum
1406 1293 1452 1325 de
1470 1291 1586 1325 semel
1615 1292 1653 1324 in
1680 1302 1776 1324 anno

135 1342 364 1380 confitendo,
399 1343 523 1375 fateor
551 1352 618 1375 nos
643 1343 689 1376 ad
711 1342 805 1375 illud
839 1343 986 1384 tenerig
1013 1344 1112 1384 quod
1142 1345 1268 1376 autem
1295 1345 1509 1386 oppositum
1549 1344 1709 1377 dixerim
1741 1346 1779 1377 et

135 1397 364 1438 scripserim,
383 1397 498 1439 impie
523 1398 658 1435 erravi,
686 1400 724 1431 et
740 1398 919 1440 inJuriam
943 1400 1184 1431 sacrosancto
1209 1399 1371 1431 concilio
1389 1399 1513 1432 intuli.

183 1451 291 1490 Quod
309 1453 434 1486 autem
451 1453 613 1487 dixerim
630 1454 669 1486 et
685 1454 914 1496 scripserim,
933 1455 1062 1487 votum
1076 1463 1150 1487 non
1168 1454 1354 1497 obligare,
1386 1455 1522 1493 erravi,
1553 1455 1780 1488 christianae

140 1507 335 1540 doetrinae
363 1510 403 1541 et
432 1510 650 1542 sanctorum
675 1509 825 1550 patrum
848 1509 1116 1548 observationi,
1143 1510 1208 1550 qui
1232 1519 1368 1543 vovere
1393 1510 1606 1549 consulunt,
1635 1511 1781 1543 contra-

140 1571 307 1599 veniens.

185 1617 293 1656 Quod
309 1619 526 1660 scripserim
557 1619 595 1652 et
622 1619 796 1659 dixerim,
831 1619 953 1653 nullas
971 1620 1245 1653 ecclesiasticas
1277 1621 1547 1658 institutiones,
1585 1630 1681 1661 quae
1707 1630 1781 1653 non

138 1675 326 1709 habentur
351 1673 552 1716 explicitae
584 1675 622 1707 in
661 1675 778 1708 sacris
821 1675 972 1714 litteris,
1003 1675 1175 1718 obligare
1207 1675 1399 1709 hominem
1436 1676 1685 1708 christianum
1714 1676 1782 1708 sub

137 1739 261 1773 poena
276 1730 421 1771 peccati
438 1730 621 1767 mortalis,
637 1731 760 1763 erravi
780 1731 816 1762 in
836 1731 910 1763 fide
927 1732 965 1763 et
982 1731 1163 1769 moribus,
1181 1731 1383 1764 retrahens
1401 1731 1573 1763 subditos
1599 1741 1620 1763 a
1656 1731 1782 1764 debita

138 1785 354 1818 obedientia
371 1786 410 1817 et
440 1785 675 1826 subjectione
706 1785 976 1827 praelatorum,
1007 1785 1112 1828 leges
1135 1786 1316 1827 positivas
1342 1786 1523 1819 seditiose
1568 1787 1779 1826 destruens3

140 1850 239 1873 nunc
255 1841 381 1873 autem
413 1840 619 1872 instructus
652 1842 761 1873 teneo
779 1841 969 1882 praelatos
984 1850 1095 1882 posse
1114 1840 1240 1874 taliter
1257 1840 1428 1883 obligare
1445 1841 1627 1878 subditos,
1647 1841 1724 1882 qni,
1749 1841 1781 1873 si

139 1895 496 1938 transgrederentur
512 1897 766 1937 praeceptum,
783 1896 995 1929 mortaliter
1019 1896 1295 1937 delinquerent,
1312 1896 1461 1929 etiamsi
1476 1906 1549 1928 non
1569 1898 1656 1928 sunt
1674 1905 1779 1937 prae-

139 1952 248 1992 cepta
263 1959 443 1992 expressa
458 1951 496 1983 in
511 1951 628 1983 sacris
646 1951 779 1990 literis,
798 1953 836 1984 et
854 1952 976 1989 teneo,
992 1952 1239 1984 conformiter
1252 1952 1297 1984 ad
1312 1952 1521 1984 doctrinam
1534 1951 1780 1984 christianam

139 2008 178 2039 et
208 2008 424 2039 sanctorum
456 2007 664 2044 doctorum,
686 2016 753 2039 nos
784 2016 896 2048 posse
923 2008 1011 2039 voto
1037 2006 1216 2049 obligari.

185 2061 291 2100 Quod
317 2062 442 2094 autem
474 2062 658 2094 senserim
682 2063 720 2094 et
747 2062 976 2103 scripserim,
1011 2062 1056 2094 ab
1081 2061 1309 2104 octingentis
1334 2062 1442 2094 annis
1466 2063 1504 2095 et
1527 2062 1623 2094 citra
1644 2071 1712 2094 nos
1738 2063 1785 2094 ad

141 2117 318 2150 miseram
342 2117 564 2149 servitutem
592 2117 766 2150 redactos
805 2127 851 2150 ex
877 2117 1123 2159 usurpatione
1155 2117 1268 2158 hujus
1308 2117 1472 2149 nominis
1504 2117 1638 2149 summi
1664 2118 1786 2159 ponti-

142 2172 235 2210 ficis,
269 2174 308 2205 et
334 2172 599 2205 auctoritatem
636 2173 823 2205 condendi
856 2172 972 2215 leges,
1003 2182 1114 2213 quam
1147 2173 1258 2205 antea
1291 2182 1410 2214 papae
1455 2182 1528 2204 non
1558 2172 1784 2210 habuerunt,

142 2227 265 2260 erravi
280 2227 481 2260 temerarie
498 2228 537 2260 et
553 2227 688 2260 leviter
712 2228 913 2260 admodum
937 2229 975 2260 et
991 2228 1118 2269 impie,
1138 2227 1403 2260 auctoritatem
1419 2226 1595 2259 collatam
1610 2236 1631 2259 a
1659 2227 1785 2260 Chris-

143 2284 180 2315 to
209 2282 324 2315 Petro
353 2284 392 2316 et
416 2283 498 2323 ejus
531 2283 814 2315 successoribus
843 2284 1043 2325 derogans,
1086 2283 1257 2315 tribuens
1296 2282 1441 2315 homini
1485 2283 1585 2323 quod
1613 2282 1785 2315 Christus

142 2338 341 2375 concessit,
371 2338 437 2371 sed
462 2337 599 2371 melius
627 2338 835 2371 instructus
866 2339 1001 2376 sentio,
1028 2340 1066 2371 et
1093 2348 1139 2371 ex
1170 2338 1295 2370 animo
1335 2339 1530 2375 contiteor,
1559 2339 1647 2370 ante
1677 2338 1785 2370 illum

144 2392 324 2430 Phocam,
343 2393 415 2425 etsi
432 2394 531 2426 forte
549 2403 623 2426 non
642 2394 805 2431 nomine,
822 2394 946 2426 tamen
964 2403 1005 2425 re
1023 2393 1152 2431 fuisse,
1179 2395 1216 2426 ct
1229 2394 1326 2435 post,
1358 2393 1509 2425 nomine
1529 2396 1563 2425 ct
1592 2402 1646 2430 re,
1666 2393 1785 2425 fuisse

144 2457 310 2481 summos
321 2448 520 2490 pontifices
532 2450 570 2481 et
581 2448 759 2481 habuisse
773 2449 1037 2481 auctoritatem
1054 2449 1239 2481 condendi
1252 2448 1356 2491 leges
1370 2448 1622 2481 conducentes
1635 2448 1679 2480 ad
1691 2447 1786 2490 legis

145 2504 294 2537 divinae
311 2503 602 2542 observantiam,
618 2513 713 2545 quae
730 2504 943 2536 christanos
969 2503 1184 2546 obligarent
1197 2504 1264 2536 sub
1282 2512 1404 2544 poena
1418 2504 1582 2544 peccatis
1600 2503 1784 2536 mortalis.

190 2560 273 2592 Non
291 2559 403 2592 debui
421 2559 607 2596 dubitare,
626 2559 784 2592 Petrum
801 2559 1013 2601 apostolum
1032 2559 1268 2600 superiorem
1288 2559 1404 2591 fnisse
1421 2559 1786 2600 cacterisapostolis,

146 2624 231 2647 eum
258 2614 353 2647 illud
381 2623 510 2647 sacrae
528 2614 677 2647 litterae
713 2614 808 2647 bene
836 2614 1052 2647 intellectae
1078 2615 1276 2650 testentur,
1307 2615 1405 2646 unde
1443 2615 1649 2646 instructus
1693 2614 1786 2646 nihil

148 2670 290 2707 dubito,
317 2670 388 2702 etsi
423 2670 493 2702 hoc
523 2679 595 2702 non
622 2669 828 2703 haberetur
866 2671 905 2702 in
937 2670 1076 2702 litteris
1101 2670 1237 2702 divinis
1266 2679 1499 2711 expressum,
1533 2679 1617 2701 cnm
1659 2671 1789 2702 sancta

147 2727 268 2758 mater
284 2724 455 2758 Ecclesia
471 2725 524 2757 sic
550 2727 664 2761 tenet.
692 2726 791 2766 quod
815 2725 972 2758 cuilibet
1003 2725 1105 2758 fideli
1123 2726 1297 2758 sufficere
1315 2725 1439 2757 debet.

190 2781 233 2813 In
258 2781 329 2813 hoc
346 2782 484 2816 autem,
511 2781 611 2821 quod
643 2781 790 2822 scripsi,
818 2790 1005 2813 summum
1033 2781 1251 2822 pontificem
1282 2780 1389 2812 nobis
1415 2779 1517 2812 velut
1545 2779 1686 2812 idolum
1705 2789 1789 2812 csse

149 2836 407 2873 constitutum,
427 2835 682 2868 irreverenter
699 2845 758 2869 me
785 2835 982 2877 scripsisse
1007 2836 1141 2875 fateor,
1168 2838 1206 2868 et
1227 2835 1435 2868 enormiter
1453 2835 1630 2875 injuriam
1649 2835 1789 2867 vicario

153 2890 294 2924 Christi
311 2889 500 2923 intulisse.

192 2944 300 2984 Quod
330 2947 456 2980 autem
488 2946 589 2980 sensi
614 2948 652 2980 et
679 2947 779 2981 inter
803 2946 1095 2989 colloquendum
1123 2955 1235 2990 saepe
1254 2947 1370 2984 tenui,
1401 2945 1516 2979 laicos
1546 2955 1674 2979 omnes
1703 2954 1787 2979 esse
