2096 3481
384 280 447 310 440
1069 276 1205 309 ANNO
1231 276 1313 309 1525

438 384 653 418 Wordenas.
686 385 769 418 Non
802 385 927 427 agitur
957 385 1030 423 hic,
1064 395 1084 418 o
1116 385 1323 428 praeclare,
1357 387 1402 420 de
1433 386 1556 419 carnis
1583 386 1833 429 indulgentia,
1862 387 1928 420 sed
1959 388 2005 421 de

383 441 557 473 libertate
581 440 832 473 eonscientiae
850 442 888 472 et
903 441 1060 473 veritate
1079 440 1307 482 Scripturae.
1332 442 1439 477 Nam.
1458 442 1489 474 si
1513 450 1596 475 mco
1617 441 1742 483 palato
1767 442 2006 475 serviendum

384 497 443 532 sit,
463 497 583 537 pisces
608 495 783 527 carnibus
808 494 1039 537 praetulero.
1058 494 1181 533 Quare
1207 497 1305 537 quod
1331 498 1375 529 ad
1400 497 1503 529 cibos
1528 497 1675 538 attinet,
1697 497 1788 529 satis
1812 497 1861 529 sit
1884 497 2005 535 nobis,

383 551 479 592 quod
497 551 824 591 pronunciaverim
841 550 1017 583 charitati
1034 550 1095 583 hie
1112 560 1194 584 esse
1212 551 1493 584 inserviendum
1510 552 1572 593 (1).

424 603 681 638 Enclzzcsanzcs.
707 605 864 637 Interim
890 607 1014 638 tamen
1043 605 1117 638 alia
1142 606 1241 638 ratio
1271 607 1339 645 est,
1371 616 1438 639 cur
1466 616 1487 639 a
1515 606 1690 639 carnibus
1722 606 2007 648 temperandum

383 661 534 693 censeat
551 659 720 698 ecclesia,
741 669 786 692 ne
805 661 961 692 nimium
979 660 1123 693 scilicet
1138 660 1308 694 lasciviat
1325 671 1412 694 earo
1431 663 1570 694 nostra.

435 714 650 748 lVordenas.
668 715 761 748 Caro
777 725 965 756 nunquam
980 724 1053 748 non
1069 717 1126 748 est
1138 717 1379 757 reprimenda
1395 726 1401 748 :
1419 717 1481 757 qui
1496 717 1594 749 enim
1609 726 1771 757 unquam
1783 716 2008 758 placuerunt

384 772 475 809 Deo,
494 771 764 803 crucifixerunt
781 779 932 803 carnem
950 780 1033 802 cum
1051 771 1150 811 vitiJ's
1169 772 1206 803 et
1222 771 1417 804 affectibus
1435 772 1522 804 suis.
1544 771 1641 810 Quid
1665 771 1737 803 hoc
1753 771 1800 804 ad
1817 771 2006 803 doctrinas

381 827 471 858 istas
497 825 778 858 daemoniorum
804 826 858 866 (ut
887 834 949 858 eas
973 827 1082 858 vocat
1106 825 1322 867 Apostolus)
1347 827 1392 859 de
1418 827 1587 859 ciborum
1611 825 1760 859 delectu
1784 827 1823 859 et
1845 825 2006 868 amplec-

382 881 493 914 tendo
512 880 698 913 coelibatu
710 882 722 913 2

424 934 679 969 Encltusanus.
699 935 816 968 Valde
845 936 973 975 timeo,
1003 945 1050 969 ne
1079 936 1179 969 totus
1211 937 1260 969 sit
1290 937 1452 969 infectus
1483 936 1639 970 Lutheri
1672 936 1880 970 erroribus.
1910 935 2007 974 Quid

382 991 498 1025 sentis
515 991 560 1024 de
578 992 821 1023 sacramentis
840 992 909 1032 (2ss

433 1046 649 1080 &Vm-denas.
670 1046 745 1079 Per
764 1046 890 1079 omnia
906 1046 1014 1085 bene,
1034 1047 1134 1087 quod
1151 1048 1384 1080 sacramenta
1401 1048 1488 1080 sint.

427 1102 637 1134 Montanus.
657 1101 787 1134 Credis
805 1102 917 1134 etiam
936 1103 1079 1143 septem
1097 1103 1198 1135 esse?

437 1155 652 1190 Wordenczs.
672 1157 726 1190 De
745 1156 815 1189 1106
832 1156 925 1190 61165
940 1157 1127 1199 agendum
1145 1157 1235 1198 erit3
1256 1167 1353 1190 nunc
1370 1157 1533 1199 coniugij
1557 1166 1670 1190 causa
1686 1157 1794 1190 nobis
1813 1157 2009 1190 tractanda

383 1212 451 1245 est.

427 1267 640 1300 Montanus.
661 1268 732 1306 Qui
750 1269 852 1300 errat
868 1268 906 1300 in
924 1277 1011 1305 uno,
1031 1269 1226 1309 suspectus
1244 1270 1301 1300 est
1318 1268 1430 1300 ctiam
1448 1268 1486 1300 in
1506 1267 1588 1300 alio.

436 1321 651 1356 wordenas.
677 1323 869 1356 Articulus
894 1324 1209 1356 sacramentarius
1234 1333 1308 1356 non
1337 1324 1393 1356 est
1420 1332 1545 1365 meus3
1573 1331 1689 1364 quare
1712 1323 1751 1356 in
1775 1322 1857 1356 eius
1880 1322 2007 1356 defen·

385 1377 529 1410 sionem
547 1387 620 1410 non
640 1379 875 1411 descendam.

427 1433 641 1466 Montanus.
668 1433 807 1466 Saltem
835 1434 906 1466 hoc
932 1435 1091 1471 faceres,
1118 1435 1158 1466 ut
1182 1433 1417 1467 intellectum
1441 1435 1546 1467 tuum
1570 1433 1759 1476 captivum
1783 1433 1941 1467 duceres
1969 1433 2009 1466 in

383 1488 605 1529 obsequium
623 1488 773 1526 Christi,
792 1490 904 1522 etiam
922 1489 958 1521 in
978 1489 1127 1521 statutis
1145 1488 1339 1521 ecclesiae.

438 1543 654 1577 Wordenas.
671 1544 729 1576 An
748 1554 821 1576 non
838 1544 877 1576 id
893 1544 1003 1581 facio,
1023 1544 1109 1577 dum
1127 1553 1186 1576 me
1204 1545 1324 1576 totum
1341 1544 1411 1577 Dei
1427 1544 1541 1577 verbo
1559 1544 1824 1577 accommodo?

425 1597 682 1632 Enchusanus.
713 1599 828 1641 Atqui
854 1599 1070 1632 meminisse
1102 1600 1228 1637 debes,
1255 1599 1353 1641 quod
1383 1613 1399 1626 α
1418 1598 1552 1632 11161101·
1576 1600 1634 1632 est
1657 1598 1873 1632 obedientia
1896 1607 2008 1640 quam

382 1654 569 1687 victimae.
589 1670 604 1683 κ

432 1708 648 1744 Wordenas.
675 1711 833 1752 Fateor3
853 1720 926 1743 non
944 1711 1097 1751 quaevis
1115 1711 1252 1749 tamen,
1272 1711 1336 1744 sed
1353 1711 1616 1743 mandatorum
1640 1710 1724 1748 Dei,
1742 1710 1877 1751 quibus
1896 1722 1912 1736 u
1931 1718 2006 1742 non

382 1765 625 1804 auscultasse,
646 1766 751 1807 quasi
769 1766 890 1799 scelus
907 1766 1106 1799 idolatriae
1124 1767 1193 1803 est,
1214 1781 1229 1794 n
1250 1767 1346 1799 teste
1364 1765 1559 1807 Scriptura
1575 1766 1636 1807 (3).

425 1820 638 1853 Montanus.
672 1819 711 1853 Si
750 1821 813 1853 diu
852 1822 976 1853 tecum
1015 1821 1261 1862 disputemus,
1303 1821 1458 1863 negabis
1498 1820 1662 1859 tandem,
1703 1819 1849 1862 opinor,
1889 1818 2006 1853 ullam

381 1876 579 1909 ecclesiam
597 1885 692 1914 esse,
709 1877 857 1918 quando
874 1877 931 1909 illi
949 1879 1024 1910 tam
1041 1878 1155 1919 impie
1170 1877 1350 1910 detrahis.

430 1931 646 1966 UVordenas.
667 1932 772 1964 Nihil
797 1933 855 1965 est
879 1933 977 1973 quod
994 1933 1091 1964 istuc
1106 1934 1264 1968 metuas,
1284 1932 1432 1972 quando
1450 1941 1497 1964 ex
1514 1931 1684 1974 symbolo
1701 1932 1822 1974 primo
1840 1932 2005 1972 condito,

378 1988 532 2020 insanus
561 1988 621 2026 sit,
651 1988 715 2028 qui
747 1997 821 2020 non
853 1988 982 2020 credat
1009 1986 1207 2020 eeclesiam
1234 1986 1339 2019 illam
1363 1986 1586 2019 catholicam
1603 1985 1652 2030 (4)
1679 1995 1762 2020 esse
1789 1987 2006 2020 sanctorum

379 2043 693 2076 communionem.
720 2042 918 2075 Caeterum
942 2042 1035 2074 11666
1063 2042 1233 2080 66616516,
1252 2043 1294 2074 ut
1318 2041 1461 2083 Spiritu
1490 2043 1618 2075 sancto
1642 2042 1803 2085 regitur,
1826 2042 1882 2075 ita
1909 2041 2005 2074 nihil

380 2099 494 2137 audit,
522 2098 615 2130 1111111
641 2098 756 2130 tradit
780 2098 1065 2136 observandum,
1093 2097 1165 2130 nisi
1194 2098 1293 2139 quod
1316 2098 1431 2130 verbo
1456 2097 1527 2130 Dei
1550 2098 1844 2131 consentaneum
1868 2098 1938 2137 est,
1963 2097 2006 2130 ut

380 2153 491 2185 antea
507 2162 655 2193 quoque
674 2153 764 2185 dixi.

423 2206 680 2242 Enchusanus.
700 2207 829 2240 Credis
846 2207 965 2249 igitur
982 2206 1179 2240 ecclesiam
1196 2205 1420 2239 catholicam
1438 2215 1521 2239 esse
1538 2206 1728 2239 sanctam?

428 2261 647 2296 Wordenas.
666 2261 763 2300 Quid
781 2262 819 2294 ni
835 2263 998 2301 credam,
1017 2271 1101 2294 cum
1118 2271 1178 2295 me
1194 2262 1312 2303 ipsius
1328 2261 1537 2294 membrum
1553 2262 1755 2303 profitear?

421 2317 679 2352 Enchusanus.
699 2318 784 2350 Non
801 2318 924 2350 vivum
942 2318 1088 2359 opinor,
1104 2317 1169 2350 sed
1182 2317 1375 2359 putridum
1390 2326 1397 2349 :
1416 2317 1458 2349 ut
1473 2317 1579 2349 cuius
1593 2317 1770 2350 mandata
1785 2316 1864 2350 toto
1878 2316 2002 2349 animo

379 2375 610 2407 contemnas.

420 2426 690 2463 Rosernundus.
711 2428 869 2466 Quinam
887 2428 983 2460 scire
999 2428 1120 2470 potes,
1139 2428 1171 2460 si
1187 2427 1396 2460 membrum
1414 2427 1477 2466 sis,
1497 2436 1543 2460 an
1561 2427 1658 2459 non?

427 2482 643 2517 Wordenas.
661 2483 894 2517 Testimonio
912 2484 1012 2516 intra
1028 2492 1088 2516 me
1104 2482 1293 2524 loquentis
1312 2482 1485 2524 Spiritus,

425 2537 676 2572 Enchusanus.
696 2538 792 2577 Quid
809 2539 940 2571 audio?
958 2538 1166 2580 Spiritusne
1184 2540 1334 2570 sanctus
1350 2538 1389 2570 in
1408 2539 1444 2570 te
1461 2537 1651 2578 loquitur?

427 2593 642 2627 Wordenas.
664 2608 678 2620 u
697 2594 782 2636 Ipse
801 2594 975 2635 Spiritus,
994 2594 1116 2634 inquit
1132 2592 1335 2635 Apostolus
1353 2593 1414 2634 (5),
1433 2593 1657 2626 testificatur
1674 2601 1749 2625 una
1765 2601 1849 2625 cum
1866 2591 2002 2634 spiritu

378 2650 519 2688 nostro,
539 2650 637 2690 quod
655 2659 781 2682 sumus
801 2648 869 2681 filii
888 2649 968 2682 Dei.
990 2664 1005 2677 „

421 2780 468 2821 (1)
493 2781 539 2812 In
564 2781 736 2821 maryine
754 2789 762 2811 :
780 2780 837 2811 Ad
855 2779 1015 2818 Galatas,
1035 2779 1067 2811 5.

420 2835 467 2876 (2)
557 2833 661 2867 Idem
753 2844 760 2866 :
782 2835 836 2867 De
855 2835 1100 2867 sacramentis
1117 2835 1219 2867 mota
1235 2835 1417 2876 quaestio.

421 2890 468 2931 (3)
558 2889 661 2921 Idem
752 2898 759 2921 :
780 2889 898 2921 Primi
915 2890 1077 2932 Regum,
1099 2889 1149 2922 15.

421 2945 468 2985 (4)
558 2943 660 2977 Idem
751 2954 759 2976 2
779 2944 948 2977 Ecclesia
964 2944 1160 2977 catholica.

422 2998 468 3039 (5)
557 2997 662 3032 Idem
753 3008 760 3031 :
779 2999 836 3032 Ad
851 2999 1054 3038 Romanos,
1073 2999 1105 3032 8.
