<?xml version="1.0" encoding="UTF-8"?>
<!DOCTYPE html PUBLIC "-//W3C//DTD XHTML 1.0 Transitional//EN"
    "http://www.w3.org/TR/xhtml1/DTD/xhtml1-transitional.dtd">
<html xmlns="http://www.w3.org/1999/xhtml" xml:lang="en" lang="en">
 <head>
  <title>
</title>
<meta http-equiv="Content-Type" content="text/html;charset=utf-8" />
  <meta name='ocr-system' content='tesseract 3.04.00' />
  <meta name='ocr-capabilities' content='ocr_page ocr_carea ocr_par ocr_line ocrx_word'/>
</head>
<body>
  <div class='ocr_page' id='page_1' title='image "./corpusdocumentor04fruoft_0381.png"; bbox 0 0 2096 3481; ppageno 0'>
   <div class='ocr_carea' id='block_1_1' title="bbox 842 263 1785 297">
    <p class='ocr_par' dir='ltr' id='par_1_1' title="bbox 842 263 1785 297">
     <span class='ocr_line' id='line_1_1' title="bbox 842 263 1785 297; baseline -0.001 -1"><span class='ocrx_word' id='word_1_1' title='bbox 842 263 978 297; x_wconf 82' lang='lat' dir='ltr'>ANNO</span> <span class='ocrx_word' id='word_1_2' title='bbox 1006 263 1089 297; x_wconf 70' lang='lat'>1525</span> <span class='ocrx_word' id='word_1_3' title='bbox 1721 263 1785 295; x_wconf 77' lang='lat'><strong>335</strong></span> 
     </span>
    </p>
   </div>
   <div class='ocr_carea' id='block_1_2' title="bbox 904 423 1024 468">
    <p class='ocr_par' dir='ltr' id='par_1_2' title="bbox 904 423 1024 468">
     <span class='ocr_line' id='line_1_2' title="bbox 904 423 1024 468; baseline -0.008 -1"><span class='ocrx_word' id='word_1_4' title='bbox 904 423 1024 468; x_wconf 85' lang='lat'><em>2¹76.</em></span> 
     </span>
    </p>
   </div>
   <div class='ocr_carea' id='block_1_3' title="bbox 218 570 1791 631">
    <p class='ocr_par' dir='ltr' id='par_1_3' title="bbox 218 570 1791 631">
     <span class='ocr_line' id='line_1_3' title="bbox 218 570 1791 631; baseline -0.004 -12"><span class='ocrx_word' id='word_1_5' title='bbox 218 581 357 626; x_wconf 75' lang='lat'><em>1525,</em></span> <span class='ocrx_word' id='word_1_6' title='bbox 392 574 528 631; x_wconf 70' lang='lat' dir='ltr'><strong>April</strong></span> <span class='ocrx_word' id='word_1_7' title='bbox 557 580 634 626; x_wconf 74' lang='lat'><strong>23,</strong></span> <span class='ocrx_word' id='word_1_8' title='bbox 663 573 922 617; x_wconf 71' lang='lat' dir='ltr'><strong>llscclzclcn.</strong></span> <span class='ocrx_word' id='word_1_9' title='bbox 962 570 1086 613; x_wconf 82' lang='lat' dir='ltr'><strong>Brief</strong></span> <span class='ocrx_word' id='word_1_10' title='bbox 1118 570 1195 613; x_wconf 86' lang='lat' dir='ltr'><strong>der</strong></span> <span class='ocrx_word' id='word_1_11' title='bbox 1234 570 1548 626; x_wconf 86' lang='lat' dir='ltr'><strong>Landvoogdes</strong></span> <span class='ocrx_word' id='word_1_12' title='bbox 1593 583 1676 613; x_wconf 87' lang='lat' dir='ltr'><strong>aan</strong></span> <span class='ocrx_word' id='word_1_13' title='bbox 1709 570 1791 612; x_wconf 88' lang='lat' dir='ltr'><strong>den</strong></span> 
     </span>
    </p>
   </div>
   <div class='ocr_carea' id='block_1_4' title="bbox 146 643 1794 1328">
    <p class='ocr_par' dir='ltr' id='par_1_4' title="bbox 146 643 1794 1328">
     <span class='ocr_line' id='line_1_4' title="bbox 148 643 1791 703; baseline -0.004 -12"><span class='ocrx_word' id='word_1_14' title='bbox 148 647 288 692; x_wconf 88' lang='lat' dir='ltr'><strong>deken</strong></span> <span class='ocrx_word' id='word_1_15' title='bbox 327 661 412 690; x_wconf 89' lang='lat' dir='ltr'><strong>van</strong></span> <span class='ocrx_word' id='word_1_16' title='bbox 448 649 622 690; x_wconf 87' lang='lat' dir='ltr'><strong>Leuven</strong></span> <span class='ocrx_word' id='word_1_17' title='bbox 648 646 749 703; x_wconf 90' lang='lat' dir='ltr'><strong>(den</strong></span> <span class='ocrx_word' id='word_1_18' title='bbox 773 645 1033 701; x_wconf 86' lang='lat' dir='ltr'><strong>inquisiteur</strong></span> <span class='ocrx_word' id='word_1_19' title='bbox 1056 644 1241 700; x_wconf 88' lang='lat' dir='ltr'><strong>Coppin)</strong></span> <span class='ocrx_word' id='word_1_20' title='bbox 1275 658 1379 687; x_wconf 87' lang='lat' dir='ltr'><strong>over</strong></span> <span class='ocrx_word' id='word_1_21' title='bbox 1403 643 1484 686; x_wconf 90' lang='lat' dir='ltr'><strong>den</strong></span> <span class='ocrx_word' id='word_1_22' title='bbox 1508 643 1791 686; x_wconf 85' lang='lat' dir='ltr'><strong>ketterschen</strong></span> 
     </span>
     <span class='ocr_line' id='line_1_5' title="bbox 146 712 1793 774; baseline -0.003 -14"><span class='ocrx_word' id='word_1_23' title='bbox 146 717 333 774; x_wconf 85' lang='lat' dir='ltr'><strong>priester</strong></span> <span class='ocrx_word' id='word_1_24' title='bbox 356 729 441 759; x_wconf 89' lang='lat' dir='ltr'><strong>van</strong></span> <span class='ocrx_word' id='word_1_25' title='bbox 465 715 706 767; x_wconf 67' lang='lat' dir='ltr'><strong>Geewliet,</strong></span> <span class='ocrx_word' id='word_1_26' title='bbox 732 714 865 758; x_wconf 85' lang='lat' dir='ltr'>Jacob</span> <span class='ocrx_word' id='word_1_27' title='bbox 889 715 1021 758; x_wconf 90' lang='lat' dir='ltr'><strong>Neut.</strong></span> <span class='ocrx_word' id='word_1_28' title='bbox 1045 738 1102 745; x_wconf 93' lang='lat'><strong>—</strong></span> <span class='ocrx_word' id='word_1_29' title='bbox 1127 714 1326 770; x_wconf 83' lang='lat' dir='ltr'><strong>Vroeger</strong></span> <span class='ocrx_word' id='word_1_30' title='bbox 1348 713 1434 756; x_wconf 88' lang='lat' dir='ltr'><strong>had</strong></span> <span class='ocrx_word' id='word_1_31' title='bbox 1458 712 1638 756; x_wconf 89' lang='lat' dir='ltr'><strong>Vander</strong></span> <span class='ocrx_word' id='word_1_32' title='bbox 1661 712 1793 755; x_wconf 88' lang='lat' dir='ltr'><strong>Hulst</strong></span> 
     </span>
     <span class='ocr_line' id='line_1_6' title="bbox 147 781 1794 842; baseline -0.003 -13"><span class='ocrx_word' id='word_1_33' title='bbox 147 786 281 829; x_wconf 89' lang='lat' dir='ltr'><strong>dezen</strong></span> <span class='ocrx_word' id='word_1_34' title='bbox 304 785 509 842; x_wconf 85' lang='lat' dir='ltr'><strong>priester‚</strong></span> <span class='ocrx_word' id='word_1_35' title='bbox 537 785 635 827; x_wconf 91' lang='lat' dir='ltr'><strong>dien</strong></span> <span class='ocrx_word' id='word_1_36' title='bbox 660 784 720 842; x_wconf 89' lang='lat' dir='ltr'><strong>hij</strong></span> <span class='ocrx_word' id='word_1_37' title='bbox 744 798 828 826; x_wconf 89' lang='lat' dir='ltr'><strong>van</strong></span> <span class='ocrx_word' id='word_1_38' title='bbox 848 783 1025 840; x_wconf 83' lang='lat' dir='ltr'><strong>ketterij</strong></span> <span class='ocrx_word' id='word_1_39' title='bbox 1047 782 1275 835; x_wconf 87' lang='lat' dir='ltr'><strong>verdacht,</strong></span> <span class='ocrx_word' id='word_1_40' title='bbox 1291 781 1510 825; x_wconf 76' lang='lat' dir='ltr'><strong>ver-boden</strong></span> <span class='ocrx_word' id='word_1_41' title='bbox 1532 795 1619 838; x_wconf 86' lang='lat' dir='ltr'><strong>nog</strong></span> <span class='ocrx_word' id='word_1_42' title='bbox 1637 784 1679 824; x_wconf 83' lang='lat' dir='ltr'><strong>te</strong></span> <span class='ocrx_word' id='word_1_43' title='bbox 1697 795 1794 837; x_wconf 86' lang='lat' dir='ltr'><strong>pre-</strong></span> 
     </span>
     <span class='ocr_line' id='line_1_7' title="bbox 146 851 1787 909; baseline -0.003 -10"><span class='ocrx_word' id='word_1_44' title='bbox 146 854 356 907; x_wconf 86' lang='lat' dir='ltr'><strong>diken‚of</strong></span> <span class='ocrx_word' id='word_1_45' title='bbox 367 854 590 898; x_wconf 84' lang='lat' dir='ltr'><strong>Geervliet</strong></span> <span class='ocrx_word' id='word_1_46' title='bbox 609 856 652 896; x_wconf 88' lang='lat' dir='ltr'><strong>te</strong></span> <span class='ocrx_word' id='word_1_47' title='bbox 670 853 886 896; x_wconf 88' lang='lat' dir='ltr'><strong>verlaten.</strong></span> <span class='ocrx_word' id='word_1_48' title='bbox 902 853 972 897; x_wconf 91' lang='lat' dir='ltr'><strong>Nu</strong></span> <span class='ocrx_word' id='word_1_49' title='bbox 992 851 1111 896; x_wconf 85' lang='lat' dir='ltr'><strong>heeft</strong></span> <span class='ocrx_word' id='word_1_50' title='bbox 1129 852 1180 896; x_wconf 88' lang='lat' dir='ltr'><strong>de</strong></span> <span class='ocrx_word' id='word_1_51' title='bbox 1200 851 1511 909; x_wconf 86' lang='lat' dir='ltr'><strong>Landvoogdes</strong></span> <span class='ocrx_word' id='word_1_52' title='bbox 1531 865 1787 904; x_wconf 89' lang='lat' dir='ltr'><strong>vernomen,</strong></span> 
     </span>
     <span class='ocr_line' id='line_1_8' title="bbox 146 920 1791 979; baseline -0.004 -11"><span class='ocrx_word' id='word_1_53' title='bbox 146 925 221 969; x_wconf 84' lang='lat' dir='ltr'><strong>dat</strong></span> <span class='ocrx_word' id='word_1_54' title='bbox 257 923 390 968; x_wconf 84' lang='lat' dir='ltr'>Jacob</span> <span class='ocrx_word' id='word_1_55' title='bbox 413 924 529 968; x_wconf 90' lang='lat' dir='ltr'><strong>Neut</strong></span> <span class='ocrx_word' id='word_1_56' title='bbox 568 923 630 966; x_wconf 85' lang='lat' dir='ltr'><strong>dit</strong></span> <span class='ocrx_word' id='word_1_57' title='bbox 655 921 817 966; x_wconf 86' lang='lat' dir='ltr'><strong>verbod</strong></span> <span class='ocrx_word' id='word_1_58' title='bbox 854 921 975 966; x_wconf 84' lang='lat' dir='ltr'><strong>heeft</strong></span> <span class='ocrx_word' id='word_1_59' title='bbox 998 922 1280 966; x_wconf 81' lang='lat' dir='ltr'><strong>overtreden.</strong></span> <span class='ocrx_word' id='word_1_60' title='bbox 1308 923 1421 965; x_wconf 72' lang='lat' dir='ltr'><strong>Door’</strong></span> <span class='ocrx_word' id='word_1_61' title='bbox 1443 921 1558 979; x_wconf 86' lang='lat' dir='ltr'><strong>zijne</strong></span> <span class='ocrx_word' id='word_1_62' title='bbox 1599 920 1791 976; x_wconf 78' lang='lat' dir='ltr'><strong>preeken</strong></span> 
     </span>
     <span class='ocr_line' id='line_1_9' title="bbox 149 989 1789 1048; baseline -0.003 -11"><span class='ocrx_word' id='word_1_63' title='bbox 149 1009 202 1038; x_wconf 88' lang='lat' dir='ltr'><strong>en</strong></span> <span class='ocrx_word' id='word_1_64' title='bbox 226 994 293 1037; x_wconf 88' lang='lat' dir='ltr'><strong>die</strong></span> <span class='ocrx_word' id='word_1_65' title='bbox 315 1007 400 1037; x_wconf 86' lang='lat' dir='ltr'><strong>van</strong></span> <span class='ocrx_word' id='word_1_66' title='bbox 439 1007 577 1036; x_wconf 88' lang='lat' dir='ltr'><strong>eenen</strong></span> <span class='ocrx_word' id='word_1_67' title='bbox 604 991 841 1048; x_wconf 86' lang='lat' dir='ltr'><strong>Augustijn</strong></span> <span class='ocrx_word' id='word_1_68' title='bbox 872 1006 958 1034; x_wconf 89' lang='lat' dir='ltr'><strong>van</strong></span> <span class='ocrx_word' id='word_1_69' title='bbox 995 992 1080 1034; x_wconf 89' lang='lat' dir='ltr'><strong>den</strong></span> <span class='ocrx_word' id='word_1_70' title='bbox 1105 991 1221 1035; x_wconf 88' lang='lat' dir='ltr'><strong>Briel</strong></span> <span class='ocrx_word' id='word_1_71' title='bbox 1246 1006 1301 1034; x_wconf 92' lang='lat' dir='ltr'><strong>en</strong></span> <span class='ocrx_word' id='word_1_72' title='bbox 1329 1005 1416 1047; x_wconf 87' lang='lat' dir='ltr'><strong>nog</strong></span> <span class='ocrx_word' id='word_1_73' title='bbox 1439 1004 1576 1033; x_wconf 89' lang='grc' dir='ltr'>θθηθη</span> <span class='ocrx_word' id='word_1_74' title='bbox 1609 989 1789 1041; x_wconf 87' lang='lat' dir='ltr'><strong>derden,</strong></span> 
     </span>
     <span class='ocr_line' id='line_1_10' title="bbox 149 1060 1790 1119; baseline -0.003 -13"><span class='ocrx_word' id='word_1_75' title='bbox 149 1063 293 1106; x_wconf 89' lang='lat' dir='ltr'><strong>wordt</strong></span> <span class='ocrx_word' id='word_1_76' title='bbox 311 1063 362 1105; x_wconf 94' lang='lat' dir='ltr'><strong>de</strong></span> <span class='ocrx_word' id='word_1_77' title='bbox 385 1062 564 1119; x_wconf 86' lang='lat' dir='ltr'><strong>ketterij</strong></span> <span class='ocrx_word' id='word_1_78' title='bbox 594 1075 712 1104; x_wconf 87' lang='lat' dir='ltr'><strong>meer</strong></span> <span class='ocrx_word' id='word_1_79' title='bbox 735 1075 787 1104; x_wconf 92' lang='lat' dir='ltr'><strong>en</strong></span> <span class='ocrx_word' id='word_1_80' title='bbox 812 1075 932 1104; x_wconf 86' lang='lat' dir='ltr'><strong>meer</strong></span> <span class='ocrx_word' id='word_1_81' title='bbox 956 1061 1198 1117; x_wconf 84' lang='lat' dir='ltr'><strong>verspreid.</strong></span> <span class='ocrx_word' id='word_1_82' title='bbox 1225 1061 1286 1119; x_wconf 88' lang='lat' dir='ltr'><strong>Zij</strong></span> <span class='ocrx_word' id='word_1_83' title='bbox 1313 1060 1486 1104; x_wconf 89' lang='lat' dir='ltr'><strong>beveelt</strong></span> <span class='ocrx_word' id='word_1_84' title='bbox 1510 1060 1689 1103; x_wconf 84' lang='lat' dir='ltr'><strong>daarom</strong></span> <span class='ocrx_word' id='word_1_85' title='bbox 1708 1072 1790 1102; x_wconf 86' lang='lat' dir='ltr'><strong>aan</strong></span> 
     </span>
     <span class='ocr_line' id='line_1_11' title="bbox 148 1127 1787 1187; baseline -0.004 -11"><span class='ocrx_word' id='word_1_86' title='bbox 148 1133 232 1176; x_wconf 92' lang='lat' dir='ltr'><strong>den</strong></span> <span class='ocrx_word' id='word_1_87' title='bbox 270 1132 411 1175; x_wconf 89' lang='lat' dir='ltr'><strong>deken</strong></span> <span class='ocrx_word' id='word_1_88' title='bbox 455 1146 541 1175; x_wconf 87' lang='lat' dir='ltr'><strong>van</strong></span> <span class='ocrx_word' id='word_1_89' title='bbox 580 1133 772 1183; x_wconf 83' lang='lat' dir='ltr'><strong>Leuveu,</strong></span> <span class='ocrx_word' id='word_1_90' title='bbox 821 1132 1105 1187; x_wconf 85' lang='lat' dir='ltr'><strong>algemeenen</strong></span> <span class='ocrx_word' id='word_1_91' title='bbox 1154 1130 1428 1186; x_wconf 85' lang='lat' dir='ltr'><strong>inquisiteur,</strong></span> <span class='ocrx_word' id='word_1_92' title='bbox 1487 1127 1787 1184; x_wconf 84' lang='lat' dir='ltr'><strong>onmiddellijk</strong></span> 
     </span>
     <span class='ocr_line' id='line_1_12' title="bbox 151 1198 1788 1255; baseline -0.003 -10"><span class='ocrx_word' id='word_1_93' title='bbox 151 1202 324 1245; x_wconf 88' lang='lat' dir='ltr'><strong>iemand</strong></span> <span class='ocrx_word' id='word_1_94' title='bbox 357 1205 400 1245; x_wconf 92' lang='lat' dir='ltr'><strong>te</strong></span> <span class='ocrx_word' id='word_1_95' title='bbox 433 1201 616 1255; x_wconf 89' lang='lat' dir='ltr'><strong>zenden,</strong></span> <span class='ocrx_word' id='word_1_96' title='bbox 654 1215 722 1244; x_wconf 91' lang='lat' dir='ltr'><strong>om</strong></span> <span class='ocrx_word' id='word_1_97' title='bbox 746 1215 826 1243; x_wconf 89' lang='lat' dir='ltr'><strong>een</strong></span> <span class='ocrx_word' id='word_1_98' title='bbox 851 1200 1096 1244; x_wconf 82' lang='lat' dir='ltr'><strong>onderzoek</strong></span> <span class='ocrx_word' id='word_1_99' title='bbox 1121 1213 1227 1243; x_wconf 83' lang='lat' dir='ltr'><strong>over·</strong></span> <span class='ocrx_word' id='word_1_100' title='bbox 1260 1200 1327 1243; x_wconf 91' lang='lat' dir='ltr'><strong>die</strong></span> <span class='ocrx_word' id='word_1_101' title='bbox 1366 1198 1474 1243; x_wconf 88' lang='lat' dir='ltr'><strong>zaak</strong></span> <span class='ocrx_word' id='word_1_102' title='bbox 1494 1199 1537 1241; x_wconf 92' lang='lat' dir='ltr'><strong>in</strong></span> <span class='ocrx_word' id='word_1_103' title='bbox 1562 1203 1606 1242; x_wconf 88' lang='lat' dir='ltr'><strong>te</strong></span> <span class='ocrx_word' id='word_1_104' title='bbox 1629 1198 1788 1241; x_wconf 84' lang='lat' dir='ltr'><strong>stellen</strong></span> 
     </span>
     <span class='ocr_line' id='line_1_13' title="bbox 151 1271 1074 1328; baseline -0.003 -13"><span class='ocrx_word' id='word_1_105' title='bbox 151 1284 206 1316; x_wconf 89' lang='lat' dir='ltr'><strong>en</strong></span> <span class='ocrx_word' id='word_1_106' title='bbox 231 1271 283 1314; x_wconf 90' lang='lat' dir='ltr'><strong>de</strong></span> <span class='ocrx_word' id='word_1_107' title='bbox 306 1271 490 1328; x_wconf 88' lang='lat' dir='ltr'><strong>noodige</strong></span> <span class='ocrx_word' id='word_1_108' title='bbox 515 1271 814 1327; x_wconf 83' lang='lat' dir='ltr'><strong>maatregelen</strong></span> <span class='ocrx_word' id='word_1_109' title='bbox 835 1273 878 1312; x_wconf 86' lang='lat' dir='ltr'><strong>te</strong></span> <span class='ocrx_word' id='word_1_110' title='bbox 898 1284 1074 1313; x_wconf 86' lang='lat' dir='ltr'><strong>nemen.</strong></span> 
     </span>
    </p>
   </div>
   <div class='ocr_carea' id='block_1_5' title="bbox 152 1372 1807 2809">
    <p class='ocr_par' dir='ltr' id='par_1_5' title="bbox 156 1372 1792 1474">
     <span class='ocr_line' id='line_1_14' title="bbox 194 1372 1792 1419; baseline -0.004 -10"><span class='ocrx_word' id='word_1_111' title='bbox 194 1376 440 1419; x_wconf 82' lang='lat' dir='ltr'><strong>Marguerite‚</strong></span> <span class='ocrx_word' id='word_1_112' title='bbox 471 1376 738 1409; x_wconf 83' lang='lat' dir='ltr'><strong>archiducesse</strong></span> <span class='ocrx_word' id='word_1_113' title='bbox 767 1374 978 1413; x_wconf 81' lang='lat' dir='ltr'><strong>dAustrice,</strong></span> <span class='ocrx_word' id='word_1_114' title='bbox 1010 1374 1166 1407; x_wconf 85' lang='lat' dir='ltr'><strong>ducessc</strong></span> <span class='ocrx_word' id='word_1_115' title='bbox 1196 1374 1234 1407; x_wconf 90' lang='lat' dir='ltr'><strong>et</strong></span> <span class='ocrx_word' id='word_1_116' title='bbox 1261 1374 1434 1407; x_wconf 83' lang='lat' dir='ltr'><strong>contesso</strong></span> <span class='ocrx_word' id='word_1_117' title='bbox 1467 1372 1513 1406; x_wconf 80' lang='lat' dir='ltr'><strong>dc</strong></span> <span class='ocrx_word' id='word_1_118' title='bbox 1547 1373 1792 1415; x_wconf 62' lang='lat' dir='ltr'><strong>Bourgogm,</strong></span> 
     </span>
     <span class='ocr_line' id='line_1_15' title="bbox 156 1431 886 1474; baseline -0.001 -10"><span class='ocrx_word' id='word_1_119' title='bbox 156 1432 361 1474; x_wconf 85' lang='lat' dir='ltr'><strong>douagiere</strong></span> <span class='ocrx_word' id='word_1_120' title='bbox 379 1432 424 1465; x_wconf 87' lang='lat' dir='ltr'><strong>de</strong></span> <span class='ocrx_word' id='word_1_121' title='bbox 445 1431 602 1474; x_wconf 74' lang='lat' dir='ltr'><strong>Savoye,</strong></span> <span class='ocrx_word' id='word_1_122' title='bbox 621 1431 793 1474; x_wconf 83' lang='lat' dir='ltr'><strong>regente,</strong></span> <span class='ocrx_word' id='word_1_123' title='bbox 815 1432 886 1464; x_wconf 83' lang='lat' dir='ltr'><strong>etc.</strong></span> 
     </span>
    </p>

    <p class='ocr_par' dir='ltr' id='par_1_6' title="bbox 152 1484 1804 2364">
     <span class='ocr_line' id='line_1_16' title="bbox 195 1484 1795 1528; baseline -0.003 -8"><span class='ocrx_word' id='word_1_124' title='bbox 195 1487 419 1526; x_wconf 88' lang='lat' dir='ltr'><strong>Venerable‚</strong></span> <span class='ocrx_word' id='word_1_125' title='bbox 439 1487 546 1520; x_wconf 80' lang='lat' dir='ltr'><strong>chier</strong></span> <span class='ocrx_word' id='word_1_126' title='bbox 570 1489 607 1520; x_wconf 88' lang='lat' dir='ltr'><strong>et</strong></span> <span class='ocrx_word' id='word_1_127' title='bbox 630 1487 718 1519; x_wconf 83' lang='lat' dir='ltr'><strong>bien</strong></span> <span class='ocrx_word' id='word_1_128' title='bbox 743 1487 838 1525; x_wconf 82' lang='lat' dir='ltr'><strong>ame,</strong></span> <span class='ocrx_word' id='word_1_129' title='bbox 865 1487 970 1519; x_wconf 89' lang='lat' dir='ltr'><strong>Nous</strong></span> <span class='ocrx_word' id='word_1_130' title='bbox 988 1495 1102 1518; x_wconf 82' lang='lat' dir='ltr'><strong>avons</strong></span> <span class='ocrx_word' id='word_1_131' title='bbox 1120 1486 1404 1528; x_wconf 84' lang='lat' dir='ltr'><strong>presentement</strong></span> <span class='ocrx_word' id='word_1_132' title='bbox 1428 1485 1507 1517; x_wconf 85' lang='lat' dir='ltr'><strong>este</strong></span> <span class='ocrx_word' id='word_1_133' title='bbox 1533 1484 1684 1526; x_wconf 74' lang='lat' dir='ltr'><strong>avertye</strong></span> <span class='ocrx_word' id='word_1_134' title='bbox 1709 1491 1795 1523; x_wconf 88' lang='lat' dir='ltr'><strong>que,</strong></span> 
     </span>
     <span class='ocr_line' id='line_1_17' title="bbox 153 1539 1799 1585; baseline -0.004 -9"><span class='ocrx_word' id='word_1_135' title='bbox 153 1544 326 1577; x_wconf 88' lang='lat' dir='ltr'><strong>combien</strong></span> <span class='ocrx_word' id='word_1_136' title='bbox 353 1544 508 1577; x_wconf 81' lang='lat' dir='ltr'><strong>maistre</strong></span> <span class='ocrx_word' id='word_1_137' title='bbox 537 1543 729 1585; x_wconf 74' lang='lat' dir='ltr'><strong>Francoys</strong></span> <span class='ocrx_word' id='word_1_138' title='bbox 756 1543 908 1576; x_wconf 71' lang='lat' dir='ltr'><strong>Vander</strong></span> <span class='ocrx_word' id='word_1_139' title='bbox 936 1541 1061 1581; x_wconf 86' lang='lat' dir='ltr'><strong>Hulst,</strong></span> <span class='ocrx_word' id='word_1_140' title='bbox 1093 1542 1141 1574; x_wconf 86' lang='lat' dir='ltr'><strong>du</strong></span> <span class='ocrx_word' id='word_1_141' title='bbox 1170 1543 1291 1582; x_wconf 86' lang='lat' dir='ltr'><strong>temps</strong></span> <span class='ocrx_word' id='word_1_142' title='bbox 1321 1540 1399 1581; x_wconf 85' lang='lat' dir='ltr'><strong>quil</strong></span> <span class='ocrx_word' id='word_1_143' title='bbox 1428 1540 1542 1573; x_wconf 85' lang='lat' dir='ltr'><strong>estoit</strong></span> <span class='ocrx_word' id='word_1_144' title='bbox 1569 1539 1799 1580; x_wconf 81' lang='lat' dir='ltr'><strong>inquisiteur</strong></span> 
     </span>
     <span class='ocr_line' id='line_1_18' title="bbox 154 1594 1800 1642; baseline -0.004 -10"><span class='ocrx_word' id='word_1_145' title='bbox 154 1600 200 1632; x_wconf 87' lang='lat' dir='ltr'><strong>de</strong></span> <span class='ocrx_word' id='word_1_146' title='bbox 224 1599 261 1632; x_wconf 87' lang='lat' dir='ltr'><strong>la</strong></span> <span class='ocrx_word' id='word_1_147' title='bbox 283 1600 348 1642; x_wconf 78' lang='lat' dir='ltr'><strong>foy</strong></span> <span class='ocrx_word' id='word_1_148' title='bbox 373 1599 615 1632; x_wconf 86' lang='lat' dir='ltr'><strong>chrestiennc</strong></span> <span class='ocrx_word' id='word_1_149' title='bbox 640 1601 678 1633; x_wconf 88' lang='lat' dir='ltr'><strong>et</strong></span> <span class='ocrx_word' id='word_1_150' title='bbox 702 1601 814 1632; x_wconf 85' lang='lat' dir='ltr'><strong>usant</strong></span> <span class='ocrx_word' id='word_1_151' title='bbox 838 1599 887 1630; x_wconf 86' lang='lat' dir='ltr'><strong>du</strong></span> <span class='ocrx_word' id='word_1_152' title='bbox 911 1598 1044 1639; x_wconf 84' lang='lat' dir='ltr'><strong>povoir</strong></span> <span class='ocrx_word' id='word_1_153' title='bbox 1069 1598 1090 1630; x_wconf 77' lang='lat' dir='ltr'><strong>a</strong></span> <span class='ocrx_word' id='word_1_154' title='bbox 1114 1597 1178 1639; x_wconf 78' lang='lat' dir='ltr'><strong>luy</strong></span> <span class='ocrx_word' id='word_1_155' title='bbox 1203 1597 1327 1629; x_wconf 91' lang='lat' dir='ltr'><strong>donne</strong></span> <span class='ocrx_word' id='word_1_156' title='bbox 1356 1605 1424 1637; x_wconf 88' lang='lat' dir='ltr'><strong>par</strong></span> <span class='ocrx_word' id='word_1_157' title='bbox 1452 1596 1515 1628; x_wconf 84' lang='lat' dir='ltr'><strong>feu</strong></span> <span class='ocrx_word' id='word_1_158' title='bbox 1544 1595 1672 1627; x_wconf 85' lang='lat' dir='ltr'><strong>nostre</strong></span> <span class='ocrx_word' id='word_1_159' title='bbox 1701 1594 1800 1626; x_wconf 80' lang='lat' dir='ltr'><strong>saint</strong></span> 
     </span>
     <span class='ocr_line' id='line_1_19' title="bbox 153 1650 1800 1697; baseline -0.004 -9"><span class='ocrx_word' id='word_1_160' title='bbox 153 1656 244 1696; x_wconf 79' lang='lat' dir='ltr'><strong>pere</strong></span> <span class='ocrx_word' id='word_1_161' title='bbox 274 1654 310 1688; x_wconf 89' lang='lat' dir='ltr'><strong>le</strong></span> <span class='ocrx_word' id='word_1_162' title='bbox 342 1664 438 1697; x_wconf 86' lang='lat' dir='ltr'><strong>pape</strong></span> <span class='ocrx_word' id='word_1_163' title='bbox 469 1655 610 1688; x_wconf 90' lang='lat' dir='ltr'><strong>Adrian</strong></span> <span class='ocrx_word' id='word_1_164' title='bbox 642 1655 780 1688; x_wconf 81' lang='lat' dir='ltr'><strong>devant</strong></span> <span class='ocrx_word' id='word_1_165' title='bbox 806 1654 989 1695; x_wconf 86' lang='lat' dir='ltr'><strong>trepasse,</strong></span> <span class='ocrx_word' id='word_1_166' title='bbox 1024 1653 1076 1686; x_wconf 86' lang='lat' dir='ltr'><strong>ait</strong></span> <span class='ocrx_word' id='word_1_167' title='bbox 1107 1653 1266 1685; x_wconf 87' lang='lat' dir='ltr'><strong>interdit</strong></span> <span class='ocrx_word' id='word_1_168' title='bbox 1297 1652 1319 1684; x_wconf 81' lang='lat' dir='ltr'><strong>a</strong></span> <span class='ocrx_word' id='word_1_169' title='bbox 1349 1661 1428 1694; x_wconf 84' lang='lat' dir='ltr'><strong>ung</strong></span> <span class='ocrx_word' id='word_1_170' title='bbox 1460 1651 1610 1683; x_wconf 91' lang='lat' dir='ltr'><strong>nomme</strong></span> <span class='ocrx_word' id='word_1_171' title='bbox 1643 1650 1800 1682; x_wconf 86' lang='lat' dir='ltr'><strong>maistre</strong></span> 
     </span>
     <span class='ocr_line' id='line_1_20' title="bbox 152 1704 1802 1752; baseline -0.005 -8"><span class='ocrx_word' id='word_1_172' title='bbox 152 1710 316 1752; x_wconf 81' lang='lat' dir='ltr'><strong>Jacques</strong></span> <span class='ocrx_word' id='word_1_173' title='bbox 342 1711 454 1749; x_wconf 82' lang='lat' dir='ltr'><strong>Neut‚</strong></span> <span class='ocrx_word' id='word_1_174' title='bbox 474 1711 660 1752; x_wconf 87' lang='lat' dir='ltr'><strong>prebstre‚</strong></span> <span class='ocrx_word' id='word_1_175' title='bbox 680 1711 866 1743; x_wconf 89' lang='lat' dir='ltr'><strong>chanoine</strong></span> <span class='ocrx_word' id='word_1_176' title='bbox 885 1710 929 1742; x_wconf 89' lang='lat' dir='ltr'><strong>de</strong></span> <span class='ocrx_word' id='word_1_177' title='bbox 946 1708 1083 1751; x_wconf 87' lang='lat' dir='ltr'><strong>leglise</strong></span> <span class='ocrx_word' id='word_1_178' title='bbox 1108 1707 1308 1750; x_wconf 82' lang='lat' dir='ltr'><strong>collegiale</strong></span> <span class='ocrx_word' id='word_1_179' title='bbox 1335 1707 1381 1740; x_wconf 85' lang='lat' dir='ltr'><strong>de</strong></span> <span class='ocrx_word' id='word_1_180' title='bbox 1405 1705 1624 1739; x_wconf 87' lang='lat' dir='ltr'><strong>Gheervliet</strong></span> <span class='ocrx_word' id='word_1_181' title='bbox 1645 1706 1682 1738; x_wconf 90' lang='lat' dir='ltr'><strong>et</strong></span> <span class='ocrx_word' id='word_1_182' title='bbox 1707 1704 1802 1737; x_wconf 73' lang='lat' dir='ltr'><strong>natis</strong></span> 
     </span>
     <span class='ocr_line' id='line_1_21' title="bbox 155 1759 1802 1809; baseline -0.005 -10"><span class='ocrx_word' id='word_1_183' title='bbox 155 1766 201 1799; x_wconf 90' lang='lat' dir='ltr'><strong>de</strong></span> <span class='ocrx_word' id='word_1_184' title='bbox 226 1766 452 1804; x_wconf 87' lang='lat' dir='ltr'><strong>Dordrecht,</strong></span> <span class='ocrx_word' id='word_1_185' title='bbox 480 1767 525 1799; x_wconf 80' lang='lat' dir='ltr'><strong>(le</strong></span> <span class='ocrx_word' id='word_1_186' title='bbox 549 1766 634 1808; x_wconf 84' lang='lat' dir='ltr'><strong>plus</strong></span> <span class='ocrx_word' id='word_1_187' title='bbox 661 1776 728 1809; x_wconf 76' lang='lat' dir='ltr'><strong>soy</strong></span> <span class='ocrx_word' id='word_1_188' title='bbox 753 1766 1006 1799; x_wconf 80' lang='lat' dir='ltr'><strong>entremectre</strong></span> <span class='ocrx_word' id='word_1_189' title='bbox 1032 1764 1078 1796; x_wconf 91' lang='lat' dir='ltr'><strong>de</strong></span> <span class='ocrx_word' id='word_1_190' title='bbox 1102 1763 1285 1805; x_wconf 88' lang='lat' dir='ltr'><strong>prescher</strong></span> <span class='ocrx_word' id='word_1_191' title='bbox 1310 1772 1356 1795; x_wconf 91' lang='lat' dir='ltr'><strong>ne</strong></span> <span class='ocrx_word' id='word_1_192' title='bbox 1382 1771 1493 1804; x_wconf 87' lang='lat' dir='ltr'><strong>aussy</strong></span> <span class='ocrx_word' id='word_1_193' title='bbox 1519 1761 1634 1793; x_wconf 87' lang='lat' dir='ltr'><strong>sortir</strong></span> <span class='ocrx_word' id='word_1_194' title='bbox 1659 1761 1698 1793; x_wconf 89' lang='lat' dir='ltr'><strong>et</strong></span> <span class='ocrx_word' id='word_1_195' title='bbox 1722 1759 1802 1792; x_wconf 83' lang='lat' dir='ltr'><strong>aler</strong></span> 
     </span>
     <span class='ocr_line' id='line_1_22' title="bbox 154 1816 1802 1863; baseline -0.004 -9"><span class='ocrx_word' id='word_1_196' title='bbox 154 1821 244 1854; x_wconf 88' lang='lat' dir='ltr'><strong>hors</strong></span> <span class='ocrx_word' id='word_1_197' title='bbox 276 1822 322 1855; x_wconf 87' lang='lat' dir='ltr'><strong>de</strong></span> <span class='ocrx_word' id='word_1_198' title='bbox 353 1821 391 1854; x_wconf 80' lang='lat' dir='ltr'><strong>la</strong></span> <span class='ocrx_word' id='word_1_199' title='bbox 420 1821 510 1854; x_wconf 79' lang='lat' dir='ltr'><strong>ville</strong></span> <span class='ocrx_word' id='word_1_200' title='bbox 543 1822 632 1855; x_wconf 84' lang='lat' dir='ltr'><strong>dud.</strong></span> <span class='ocrx_word' id='word_1_201' title='bbox 665 1821 895 1863; x_wconf 68' lang='lat' dir='ltr'><strong>Gheervlyet</strong></span> <span class='ocrx_word' id='word_1_202' title='bbox 925 1829 1071 1853; x_wconf 89' lang='lat' dir='ltr'><strong>comme</strong></span> <span class='ocrx_word' id='word_1_203' title='bbox 1103 1819 1255 1860; x_wconf 83' lang='lat' dir='ltr'><strong>suspect</strong></span> <span class='ocrx_word' id='word_1_204' title='bbox 1290 1820 1328 1851; x_wconf 87' lang='lat' dir='ltr'><strong>et</strong></span> <span class='ocrx_word' id='word_1_205' title='bbox 1367 1818 1503 1851; x_wconf 86' lang='lat' dir='ltr'><strong>attaint</strong></span> <span class='ocrx_word' id='word_1_206' title='bbox 1539 1817 1584 1849; x_wconf 87' lang='lat' dir='ltr'><strong>de</strong></span> <span class='ocrx_word' id='word_1_207' title='bbox 1624 1816 1661 1849; x_wconf 85' lang='lat' dir='ltr'><strong>la</strong></span> <span class='ocrx_word' id='word_1_208' title='bbox 1700 1816 1802 1848; x_wconf 89' lang='lat' dir='ltr'><strong>secte</strong></span> 
     </span>
     <span class='ocr_line' id='line_1_23' title="bbox 155 1870 1800 1918; baseline -0.004 -9"><span class='ocrx_word' id='word_1_209' title='bbox 155 1876 297 1910; x_wconf 86' lang='lat' dir='ltr'><strong>herisie</strong></span> <span class='ocrx_word' id='word_1_210' title='bbox 328 1876 585 1918; x_wconf 82' lang='lat' dir='ltr'><strong>luthericnne,</strong></span> <span class='ocrx_word' id='word_1_211' title='bbox 615 1886 679 1910; x_wconf 87' lang='lat' dir='ltr'><strong>sur</strong></span> <span class='ocrx_word' id='word_1_212' title='bbox 707 1877 875 1910; x_wconf 86' lang='lat' dir='ltr'><strong>certaine</strong></span> <span class='ocrx_word' id='word_1_213' title='bbox 903 1875 1016 1918; x_wconf 83' lang='lat' dir='ltr'><strong>paine</strong></span> <span class='ocrx_word' id='word_1_214' title='bbox 1048 1874 1269 1916; x_wconf 86' lang='lat' dir='ltr'><strong>pecuniaire</strong></span> <span class='ocrx_word' id='word_1_215' title='bbox 1301 1875 1338 1907; x_wconf 86' lang='lat' dir='ltr'><strong>et</strong></span> <span class='ocrx_word' id='word_1_216' title='bbox 1367 1874 1459 1906; x_wconf 89' lang='lat' dir='ltr'><strong>dont</strong></span> <span class='ocrx_word' id='word_1_217' title='bbox 1482 1872 1507 1904; x_wconf 95' lang='lat' dir='ltr'><strong>il</strong></span> <span class='ocrx_word' id='word_1_218' title='bbox 1534 1872 1659 1905; x_wconf 82' lang='lat' dir='ltr'><strong>auroit</strong></span> <span class='ocrx_word' id='word_1_219' title='bbox 1685 1870 1800 1903; x_wconf 88' lang='lat' dir='ltr'><strong>baille</strong></span> 
     </span>
     <span class='ocr_line' id='line_1_24' title="bbox 155 1926 1801 1973; baseline -0.005 -8"><span class='ocrx_word' id='word_1_220' title='bbox 155 1932 330 1973; x_wconf 78' lang='lat' dir='ltr'><strong>cauci0n3</strong></span> <span class='ocrx_word' id='word_1_221' title='bbox 356 1933 595 1965; x_wconf 84' lang='lat' dir='ltr'><strong>neantmoins</strong></span> <span class='ocrx_word' id='word_1_222' title='bbox 619 1932 693 1965; x_wconf 85' lang='lat' dir='ltr'><strong>led.</strong></span> <span class='ocrx_word' id='word_1_223' title='bbox 720 1933 875 1965; x_wconf 81' lang='lat' dir='ltr'><strong>maistre</strong></span> <span class='ocrx_word' id='word_1_224' title='bbox 899 1931 1064 1972; x_wconf 83' lang='lat' dir='ltr'><strong>Jacques</strong></span> <span class='ocrx_word' id='word_1_225' title='bbox 1089 1939 1135 1963; x_wconf 92' lang='lat' dir='ltr'><strong>en</strong></span> <span class='ocrx_word' id='word_1_226' title='bbox 1160 1930 1431 1971; x_wconf 82' lang='lat' dir='ltr'><strong>contempnant</strong></span> <span class='ocrx_word' id='word_1_227' title='bbox 1455 1928 1530 1961; x_wconf 86' lang='lat' dir='ltr'><strong>lad.</strong></span> <span class='ocrx_word' id='word_1_228' title='bbox 1555 1926 1801 1960; x_wconf 84' lang='lat' dir='ltr'><strong>interdiction</strong></span> 
     </span>
     <span class='ocr_line' id='line_1_25' title="bbox 156 1980 1802 2028; baseline -0.005 -7"><span class='ocrx_word' id='word_1_229' title='bbox 156 1989 194 2021; x_wconf 85' lang='lat' dir='ltr'><strong>et</strong></span> <span class='ocrx_word' id='word_1_230' title='bbox 219 1988 385 2021; x_wconf 88' lang='lat' dir='ltr'><strong>deffense</strong></span> <span class='ocrx_word' id='word_1_231' title='bbox 409 1990 467 2021; x_wconf 92' lang='lat' dir='ltr'><strong>est</strong></span> <span class='ocrx_word' id='word_1_232' title='bbox 490 1988 655 2021; x_wconf 75' lang='lat' dir='ltr'><strong>recidive</strong></span> <span class='ocrx_word' id='word_1_233' title='bbox 681 1989 719 2021; x_wconf 81' lang='lat' dir='ltr'><strong>et</strong></span> <span class='ocrx_word' id='word_1_234' title='bbox 741 1987 914 2023; x_wconf 84' lang='lat' dir='ltr'><strong>rescheu,</strong></span> <span class='ocrx_word' id='word_1_235' title='bbox 943 1988 1056 2028; x_wconf 73' lang='lat' dir='ltr'><strong>a5ant</strong></span> <span class='ocrx_word' id='word_1_236' title='bbox 1081 1982 1213 2027; x_wconf 84' lang='lat' dir='ltr'><strong>de&#39;puis</strong></span> <span class='ocrx_word' id='word_1_237' title='bbox 1237 1994 1306 2027; x_wconf 82' lang='lat' dir='ltr'><strong>par</strong></span> <span class='ocrx_word' id='word_1_238' title='bbox 1330 1984 1520 2026; x_wconf 87' lang='lat' dir='ltr'><strong>pluiscurs</strong></span> <span class='ocrx_word' id='word_1_239' title='bbox 1545 1983 1618 2015; x_wconf 85' lang='lat' dir='ltr'><strong>fois</strong></span> <span class='ocrx_word' id='word_1_240' title='bbox 1642 1980 1802 2024; x_wconf 90' lang='lat' dir='ltr'><strong>presche</strong></span> 
     </span>
     <span class='ocr_line' id='line_1_26' title="bbox 155 2036 1801 2086; baseline -0.005 -10"><span class='ocrx_word' id='word_1_241' title='bbox 155 2043 465 2086; x_wconf 87' lang='lat' dir='ltr'><strong>publicquement</strong></span> <span class='ocrx_word' id='word_1_242' title='bbox 493 2045 574 2076; x_wconf 84' lang='lat' dir='ltr'><strong>tant</strong></span> <span class='ocrx_word' id='word_1_243' title='bbox 601 2053 648 2076; x_wconf 91' lang='lat' dir='ltr'><strong>en</strong></span> <span class='ocrx_word' id='word_1_244' title='bbox 673 2043 748 2076; x_wconf 80' lang='lat' dir='ltr'><strong>lad.</strong></span> <span class='ocrx_word' id='word_1_245' title='bbox 773 2042 862 2075; x_wconf 78' lang='lat' dir='ltr'><strong>ville</strong></span> <span class='ocrx_word' id='word_1_246' title='bbox 889 2043 934 2075; x_wconf 88' lang='lat' dir='ltr'><strong>de</strong></span> <span class='ocrx_word' id='word_1_247' title='bbox 963 2041 1183 2076; x_wconf 76' lang='lat' dir='ltr'><strong>Gheervliet</strong></span> <span class='ocrx_word' id='word_1_248' title='bbox 1211 2050 1283 2081; x_wconf 88' lang='lat' dir='ltr'><strong>que</strong></span> <span class='ocrx_word' id='word_1_249' title='bbox 1309 2040 1448 2073; x_wconf 85' lang='lat' dir='ltr'><strong>dehors</strong></span> <span class='ocrx_word' id='word_1_250' title='bbox 1477 2040 1516 2072; x_wconf 86' lang='lat' dir='ltr'><strong>et</strong></span> <span class='ocrx_word' id='word_1_251' title='bbox 1543 2040 1634 2071; x_wconf 89' lang='lat' dir='ltr'><strong>tenu</strong></span> <span class='ocrx_word' id='word_1_252' title='bbox 1663 2036 1801 2075; x_wconf 90' lang='lat' dir='ltr'><strong>escole,</strong></span> 
     </span>
     <span class='ocr_line' id='line_1_27' title="bbox 157 2094 1804 2140; baseline -0.005 -8"><span class='ocrx_word' id='word_1_253' title='bbox 157 2100 314 2132; x_wconf 83' lang='lat' dir='ltr'><strong>attirant</strong></span> <span class='ocrx_word' id='word_1_254' title='bbox 342 2101 380 2132; x_wconf 88' lang='lat' dir='ltr'><strong>ct</strong></span> <span class='ocrx_word' id='word_1_255' title='bbox 407 2101 630 2132; x_wconf 86' lang='lat' dir='ltr'><strong>esmouvant</strong></span> <span class='ocrx_word' id='word_1_256' title='bbox 656 2099 691 2132; x_wconf 91' lang='lat' dir='ltr'><strong>le</strong></span> <span class='ocrx_word' id='word_1_257' title='bbox 720 2098 857 2140; x_wconf 86' lang='lat' dir='ltr'><strong>peuple</strong></span> <span class='ocrx_word' id='word_1_258' title='bbox 885 2107 954 2139; x_wconf 84' lang='lat' dir='ltr'><strong>par</strong></span> <span class='ocrx_word' id='word_1_259' title='bbox 982 2106 1023 2129; x_wconf 89' lang='lat' dir='ltr'><strong>sa</strong></span> <span class='ocrx_word' id='word_1_260' title='bbox 1051 2097 1221 2129; x_wconf 82' lang='lat' dir='ltr'><strong>doctrine</strong></span> <span class='ocrx_word' id='word_1_261' title='bbox 1250 2104 1431 2137; x_wconf 79' lang='lat' dir='ltr'><strong>perverse</strong></span> <span class='ocrx_word' id='word_1_262' title='bbox 1456 2096 1494 2127; x_wconf 92' lang='lat' dir='ltr'><strong>et</strong></span> <span class='ocrx_word' id='word_1_263' title='bbox 1518 2095 1647 2134; x_wconf 87' lang='lat' dir='ltr'><strong>inique</strong></span> <span class='ocrx_word' id='word_1_264' title='bbox 1672 2094 1804 2125; x_wconf 88' lang='lat' dir='ltr'><strong>contre</strong></span> 
     </span>
     <span class='ocr_line' id='line_1_28' title="bbox 158 2147 1804 2197; baseline -0.005 -9"><span class='ocrx_word' id='word_1_265' title='bbox 158 2154 194 2188; x_wconf 88' lang='lat' dir='ltr'><strong>la</strong></span> <span class='ocrx_word' id='word_1_266' title='bbox 221 2155 298 2197; x_wconf 80' lang='lat' dir='ltr'><strong>foy,</strong></span> <span class='ocrx_word' id='word_1_267' title='bbox 328 2154 524 2188; x_wconf 87' lang='lat' dir='ltr'><strong>tellement</strong></span> <span class='ocrx_word' id='word_1_268' title='bbox 548 2164 620 2196; x_wconf 88' lang='lat' dir='ltr'><strong>que</strong></span> <span class='ocrx_word' id='word_1_269' title='bbox 645 2155 666 2187; x_wconf 80' lang='lat' dir='ltr'><strong>a</strong></span> <span class='ocrx_word' id='word_1_270' title='bbox 690 2164 757 2187; x_wconf 89' lang='lat' dir='ltr'><strong>son</strong></span> <span class='ocrx_word' id='word_1_271' title='bbox 783 2154 957 2186; x_wconf 83' lang='lat' dir='ltr'><strong>occasion</strong></span> <span class='ocrx_word' id='word_1_272' title='bbox 982 2154 1019 2186; x_wconf 92' lang='lat' dir='ltr'><strong>et</strong></span> <span class='ocrx_word' id='word_1_273' title='bbox 1044 2153 1119 2185; x_wconf 87' lang='lat' dir='ltr'><strong>dun</strong></span> <span class='ocrx_word' id='word_1_274' title='bbox 1145 2152 1324 2195; x_wconf 82' lang='lat' dir='ltr'><strong>augustin</strong></span> <span class='ocrx_word' id='word_1_275' title='bbox 1348 2150 1527 2192; x_wconf 86' lang='lat' dir='ltr'><strong>prescant</strong></span> <span class='ocrx_word' id='word_1_276' title='bbox 1551 2150 1573 2182; x_wconf 81' lang='lat' dir='ltr'><strong>a</strong></span> <span class='ocrx_word' id='word_1_277' title='bbox 1597 2149 1651 2181; x_wconf 88' lang='lat' dir='ltr'><strong>La</strong></span> <span class='ocrx_word' id='word_1_278' title='bbox 1675 2147 1804 2180; x_wconf 86' lang='lat' dir='ltr'><strong>Briele</strong></span> 
     </span>
     <span class='ocr_line' id='line_1_29' title="bbox 158 2203 1804 2253; baseline -0.005 -10"><span class='ocrx_word' id='word_1_279' title='bbox 158 2212 196 2244; x_wconf 84' lang='lat' dir='ltr'><strong>et</strong></span> <span class='ocrx_word' id='word_1_280' title='bbox 223 2220 301 2253; x_wconf 86' lang='lat' dir='ltr'><strong>ung</strong></span> <span class='ocrx_word' id='word_1_281' title='bbox 329 2210 451 2243; x_wconf 88' lang='lat' dir='ltr'><strong>aultre</strong></span> <span class='ocrx_word' id='word_1_282' title='bbox 477 2211 611 2252; x_wconf 82' lang='lat' dir='ltr'><strong>jeusne</strong></span> <span class='ocrx_word' id='word_1_283' title='bbox 639 2209 699 2242; x_wconf 85' lang='lat' dir='ltr'><strong>filz</strong></span> <span class='ocrx_word' id='word_1_284' title='bbox 727 2219 795 2251; x_wconf 85' lang='lat' dir='ltr'><strong>soy</strong></span> <span class='ocrx_word' id='word_1_285' title='bbox 822 2209 984 2242; x_wconf 84' lang='lat' dir='ltr'><strong>meslant</strong></span> <span class='ocrx_word' id='word_1_286' title='bbox 1012 2218 1124 2250; x_wconf 83' lang='lat' dir='ltr'><strong>aussy</strong></span> <span class='ocrx_word' id='word_1_287' title='bbox 1155 2208 1200 2240; x_wconf 91' lang='lat' dir='ltr'><strong>de</strong></span> <span class='ocrx_word' id='word_1_288' title='bbox 1226 2206 1409 2248; x_wconf 81' lang='lat' dir='ltr'><strong>proscher</strong></span> <span class='ocrx_word' id='word_1_289' title='bbox 1433 2215 1481 2238; x_wconf 90' lang='lat' dir='ltr'><strong>ou</strong></span> <span class='ocrx_word' id='word_1_290' title='bbox 1511 2204 1724 2246; x_wconf 88' lang='lat' dir='ltr'><strong>apprendrc</strong></span> <span class='ocrx_word' id='word_1_291' title='bbox 1748 2203 1804 2236; x_wconf 90' lang='lat' dir='ltr'><strong>les</strong></span> 
     </span>
     <span class='ocr_line' id='line_1_30' title="bbox 159 2259 1804 2309; baseline -0.005 -10"><span class='ocrx_word' id='word_1_292' title='bbox 159 2275 265 2309; x_wconf 88' lang='lat' dir='ltr'><strong>gens,</strong></span> <span class='ocrx_word' id='word_1_293' title='bbox 295 2267 378 2299; x_wconf 86' lang='lat' dir='ltr'><strong>tout</strong></span> <span class='ocrx_word' id='word_1_294' title='bbox 404 2265 440 2299; x_wconf 86' lang='lat' dir='ltr'><strong>le</strong></span> <span class='ocrx_word' id='word_1_295' title='bbox 464 2275 557 2308; x_wconf 70' lang='lat' dir='ltr'><strong>pays</strong></span> <span class='ocrx_word' id='word_1_296' title='bbox 582 2267 620 2299; x_wconf 86' lang='lat' dir='ltr'><strong>et</strong></span> <span class='ocrx_word' id='word_1_297' title='bbox 645 2265 814 2306; x_wconf 82' lang='lat' dir='ltr'><strong>quartier</strong></span> <span class='ocrx_word' id='word_1_298' title='bbox 839 2265 860 2297; x_wconf 81' lang='lat' dir='ltr'><strong>a</strong></span> <span class='ocrx_word' id='word_1_299' title='bbox 884 2263 1057 2297; x_wconf 87' lang='lat' dir='ltr'><strong>lenviron</strong></span> <span class='ocrx_word' id='word_1_300' title='bbox 1083 2263 1192 2304; x_wconf 85' lang='lat' dir='ltr'><strong>quasi</strong></span> <span class='ocrx_word' id='word_1_301' title='bbox 1217 2264 1274 2295; x_wconf 85' lang='lat' dir='ltr'><strong>est</strong></span> <span class='ocrx_word' id='word_1_302' title='bbox 1303 2262 1444 2294; x_wconf 80' lang='lat' dir='ltr'><strong>infecte</strong></span> <span class='ocrx_word' id='word_1_303' title='bbox 1470 2261 1515 2294; x_wconf 90' lang='lat' dir='ltr'><strong>de</strong></span> <span class='ocrx_word' id='word_1_304' title='bbox 1543 2259 1618 2293; x_wconf 86' lang='lat' dir='ltr'><strong>lad.</strong></span> <span class='ocrx_word' id='word_1_305' title='bbox 1648 2259 1804 2297; x_wconf 86' lang='lat' dir='ltr'><strong>herisie‚</strong></span> 
     </span>
     <span class='ocr_line' id='line_1_31' title="bbox 160 2319 1221 2364; baseline -0.005 -9"><span class='ocrx_word' id='word_1_306' title='bbox 160 2323 197 2355; x_wconf 85' lang='lat' dir='ltr'><strong>et</strong></span> <span class='ocrx_word' id='word_1_307' title='bbox 213 2321 297 2363; x_wconf 87' lang='lat' dir='ltr'><strong>plus</strong></span> <span class='ocrx_word' id='word_1_308' title='bbox 315 2331 412 2361; x_wconf 83' lang='lat' dir='ltr'><strong>sera,</strong></span> <span class='ocrx_word' id='word_1_309' title='bbox 432 2331 471 2355; x_wconf 92' lang='lat' dir='ltr'><strong>se</strong></span> <span class='ocrx_word' id='word_1_310' title='bbox 490 2331 538 2364; x_wconf 87' lang='lat' dir='ltr'><strong>ny</strong></span> <span class='ocrx_word' id='word_1_311' title='bbox 557 2322 614 2354; x_wconf 85' lang='lat' dir='ltr'><strong>cst</strong></span> <span class='ocrx_word' id='word_1_312' title='bbox 631 2330 814 2363; x_wconf 80' lang='lat' dir='ltr'><strong>pourveu‚</strong></span> <span class='ocrx_word' id='word_1_313' title='bbox 833 2328 978 2352; x_wconf 84' lang='lat' dir='ltr'><strong>comme</strong></span> <span class='ocrx_word' id='word_1_314' title='bbox 997 2319 1221 2352; x_wconf 84' lang='lat' dir='ltr'><strong>entendons.</strong></span> 
     </span>
    </p>

    <p class='ocr_par' dir='ltr' id='par_1_7' title="bbox 161 2370 1807 2698">
     <span class='ocr_line' id='line_1_32' title="bbox 204 2370 1805 2419; baseline -0.005 -9"><span class='ocrx_word' id='word_1_315' title='bbox 204 2378 251 2410; x_wconf 85' lang='lat' dir='ltr'><strong>Et</strong></span> <span class='ocrx_word' id='word_1_316' title='bbox 275 2386 371 2419; x_wconf 90' lang='lat' dir='ltr'><strong>pour</strong></span> <span class='ocrx_word' id='word_1_317' title='bbox 395 2386 437 2410; x_wconf 89' lang='lat' dir='ltr'><strong>ce</strong></span> <span class='ocrx_word' id='word_1_318' title='bbox 463 2386 534 2418; x_wconf 87' lang='lat' dir='ltr'><strong>quc</strong></span> <span class='ocrx_word' id='word_1_319' title='bbox 559 2377 732 2410; x_wconf 87' lang='lat' dir='ltr'><strong>desirons</strong></span> <span class='ocrx_word' id='word_1_320' title='bbox 757 2377 803 2409; x_wconf 91' lang='lat' dir='ltr'><strong>de</strong></span> <span class='ocrx_word' id='word_1_321' title='bbox 828 2376 911 2408; x_wconf 89' lang='lat' dir='ltr'><strong>tout</strong></span> <span class='ocrx_word' id='word_1_322' title='bbox 932 2375 1061 2407; x_wconf 83' lang='lat' dir='ltr'><strong>nostre</strong></span> <span class='ocrx_word' id='word_1_323' title='bbox 1085 2383 1203 2407; x_wconf 79' lang='lat' dir='ltr'><strong>cucur</strong></span> <span class='ocrx_word' id='word_1_324' title='bbox 1229 2373 1476 2415; x_wconf 78' lang='lat' dir='ltr'><strong>lextirpation</strong></span> <span class='ocrx_word' id='word_1_325' title='bbox 1502 2370 1637 2404; x_wconf 88' lang='lat' dir='ltr'><strong>dicelle</strong></span> <span class='ocrx_word' id='word_1_326' title='bbox 1663 2370 1805 2403; x_wconf 74' lang='lat' dir='ltr'><strong>herisio</strong></span> 
     </span>
     <span class='ocr_line' id='line_1_33' title="bbox 161 2427 1805 2474; baseline -0.005 -8"><span class='ocrx_word' id='word_1_327' title='bbox 161 2434 199 2466; x_wconf 86' lang='lat' dir='ltr'><strong>et</strong></span> <span class='ocrx_word' id='word_1_328' title='bbox 215 2442 287 2474; x_wconf 87' lang='lat' dir='ltr'><strong>que</strong></span> <span class='ocrx_word' id='word_1_329' title='bbox 304 2432 414 2466; x_wconf 82' lang='lat' dir='ltr'><strong>ceulx</strong></span> <span class='ocrx_word' id='word_1_330' title='bbox 431 2433 494 2474; x_wconf 88' lang='lat' dir='ltr'><strong>qui</strong></span> <span class='ocrx_word' id='word_1_331' title='bbox 512 2442 559 2465; x_wconf 87' lang='lat' dir='ltr'><strong>en</strong></span> <span class='ocrx_word' id='word_1_332' title='bbox 577 2433 664 2465; x_wconf 91' lang='lat' dir='ltr'><strong>sont</strong></span> <span class='ocrx_word' id='word_1_333' title='bbox 680 2431 910 2474; x_wconf 76' lang='lat' dir='ltr'><strong>coulpables,</strong></span> <span class='ocrx_word' id='word_1_334' title='bbox 937 2431 1061 2463; x_wconf 81' lang='lat' dir='ltr'><strong>soient</strong></span> <span class='ocrx_word' id='word_1_335' title='bbox 1077 2430 1189 2471; x_wconf 85' lang='lat' dir='ltr'><strong>puniz</strong></span> <span class='ocrx_word' id='word_1_336' title='bbox 1207 2430 1228 2462; x_wconf 78' lang='lat' dir='ltr'><strong>a</strong></span> <span class='ocrx_word' id='word_1_337' title='bbox 1246 2427 1434 2469; x_wconf 79' lang='lat' dir='ltr'><strong>lexemple</strong></span> <span class='ocrx_word' id='word_1_338' title='bbox 1457 2428 1623 2465; x_wconf 63' lang='lat' dir='ltr'><strong>damnes,</strong></span> <span class='ocrx_word' id='word_1_339' title='bbox 1643 2434 1805 2459; x_wconf 88' lang='lat' dir='ltr'><strong>mesmes</strong></span> 
     </span>
     <span class='ocr_line' id='line_1_34' title="bbox 161 2481 1805 2529; baseline -0.006 -7"><span class='ocrx_word' id='word_1_340' title='bbox 161 2488 236 2522; x_wconf 84' lang='lat' dir='ltr'><strong>led.</strong></span> <span class='ocrx_word' id='word_1_341' title='bbox 275 2494 328 2521; x_wconf 69' lang='lat' dir='ltr'><strong>me</strong></span> <span class='ocrx_word' id='word_1_342' title='bbox 365 2488 529 2529; x_wconf 81' lang='lat' dir='ltr'><strong>Jacques</strong></span> <span class='ocrx_word' id='word_1_343' title='bbox 569 2489 607 2521; x_wconf 86' lang='lat' dir='ltr'><strong>et</strong></span> <span class='ocrx_word' id='word_1_344' title='bbox 646 2497 705 2521; x_wconf 87' lang='lat' dir='ltr'><strong>ses</strong></span> <span class='ocrx_word' id='word_1_345' title='bbox 742 2487 942 2524; x_wconf 82' lang='lat' dir='ltr'><strong>adherens,</strong></span> <span class='ocrx_word' id='word_1_346' title='bbox 984 2495 1078 2518; x_wconf 86' lang='lat' dir='ltr'><strong>nous</strong></span> <span class='ocrx_word' id='word_1_347' title='bbox 1118 2494 1210 2517; x_wconf 87' lang='lat' dir='ltr'><strong>vous</strong></span> <span class='ocrx_word' id='word_1_348' title='bbox 1245 2485 1455 2525; x_wconf 86' lang='lat' dir='ltr'><strong>requerons</strong></span> <span class='ocrx_word' id='word_1_349' title='bbox 1493 2484 1530 2515; x_wconf 86' lang='lat' dir='ltr'><strong>et</strong></span> <span class='ocrx_word' id='word_1_350' title='bbox 1566 2481 1805 2515; x_wconf 86' lang='lat' dir='ltr'><strong>neantmoins</strong></span> 
     </span>
     <span class='ocr_line' id='line_1_35' title="bbox 163 2537 1805 2584; baseline -0.005 -7"><span class='ocrx_word' id='word_1_351' title='bbox 163 2544 379 2577; x_wconf 84' lang='lat' dir='ltr'><strong>ordonnons</strong></span> <span class='ocrx_word' id='word_1_352' title='bbox 406 2544 494 2576; x_wconf 87' lang='lat' dir='ltr'><strong>bien</strong></span> <span class='ocrx_word' id='word_1_353' title='bbox 519 2544 665 2576; x_wconf 87' lang='lat' dir='ltr'><strong>accrtcs</strong></span> <span class='ocrx_word' id='word_1_354' title='bbox 693 2552 766 2584; x_wconf 85' lang='lat' dir='ltr'><strong>que</strong></span> <span class='ocrx_word' id='word_1_355' title='bbox 795 2543 983 2574; x_wconf 83' lang='lat' dir='ltr'><strong>ordonnez</strong></span> <span class='ocrx_word' id='word_1_356' title='bbox 1012 2543 1050 2574; x_wconf 88' lang='lat' dir='ltr'><strong>et</strong></span> <span class='ocrx_word' id='word_1_357' title='bbox 1076 2541 1234 2582; x_wconf 86' lang='lat' dir='ltr'><strong>deputez</strong></span> <span class='ocrx_word' id='word_1_358' title='bbox 1263 2539 1426 2581; x_wconf 81' lang='lat' dir='ltr'><strong>quelque</strong></span> <span class='ocrx_word' id='word_1_359' title='bbox 1450 2538 1525 2571; x_wconf 93' lang='lat' dir='ltr'><strong>bon</strong></span> <span class='ocrx_word' id='word_1_360' title='bbox 1550 2537 1805 2579; x_wconf 84' lang='lat' dir='ltr'><strong>personnaigc</strong></span> 
     </span>
     <span class='ocr_line' id='line_1_36' title="bbox 162 2594 1807 2642; baseline -0.005 -10"><span class='ocrx_word' id='word_1_361' title='bbox 162 2609 258 2642; x_wconf 89' lang='lat' dir='ltr'><strong>pour</strong></span> <span class='ocrx_word' id='word_1_362' title='bbox 287 2600 491 2632; x_wconf 81' lang='lat' dir='ltr'><strong>sinformer</strong></span> <span class='ocrx_word' id='word_1_363' title='bbox 520 2599 565 2632; x_wconf 87' lang='lat' dir='ltr'><strong>de</strong></span> <span class='ocrx_word' id='word_1_364' title='bbox 593 2608 636 2631; x_wconf 90' lang='lat' dir='ltr'><strong>ce</strong></span> <span class='ocrx_word' id='word_1_365' title='bbox 665 2608 737 2639; x_wconf 88' lang='lat' dir='ltr'><strong>que</strong></span> <span class='ocrx_word' id='word_1_366' title='bbox 766 2598 820 2630; x_wconf 89' lang='lat' dir='ltr'><strong>dit</strong></span> <span class='ocrx_word' id='word_1_367' title='bbox 847 2598 904 2630; x_wconf 84' lang='lat' dir='ltr'><strong>cst</strong></span> <span class='ocrx_word' id='word_1_368' title='bbox 933 2599 970 2630; x_wconf 85' lang='lat' dir='ltr'><strong>et</strong></span> <span class='ocrx_word' id='word_1_369' title='bbox 997 2606 1020 2639; x_wconf 74' lang='lat' dir='ltr'><strong>y</strong></span> <span class='ocrx_word' id='word_1_370' title='bbox 1049 2595 1265 2638; x_wconf 84' lang='lat' dir='ltr'><strong>pourveoir,</strong></span> <span class='ocrx_word' id='word_1_371' title='bbox 1293 2594 1389 2627; x_wconf 85' lang='lat' dir='ltr'><strong>ainsi</strong></span> <span class='ocrx_word' id='word_1_372' title='bbox 1418 2603 1490 2635; x_wconf 87' lang='lat' dir='ltr'><strong>que</strong></span> <span class='ocrx_word' id='word_1_373' title='bbox 1515 2602 1644 2626; x_wconf 85' lang='lat' dir='ltr'><strong>vcrrez</strong></span> <span class='ocrx_word' id='word_1_374' title='bbox 1670 2601 1716 2625; x_wconf 85' lang='lat' dir='ltr'><strong>au</strong></span> <span class='ocrx_word' id='word_1_375' title='bbox 1745 2600 1807 2624; x_wconf 86' lang='lat' dir='ltr'><strong>cas</strong></span> 
     </span>
     <span class='ocr_line' id='line_1_37' title="bbox 163 2653 957 2698; baseline -0.005 -9"><span class='ocrx_word' id='word_1_376' title='bbox 163 2655 393 2698; x_wconf 83' lang='lat' dir='ltr'><strong>appartenir,</strong></span> <span class='ocrx_word' id='word_1_377' title='bbox 414 2657 449 2687; x_wconf 91' lang='lat' dir='ltr'><strong>et</strong></span> <span class='ocrx_word' id='word_1_378' title='bbox 470 2665 518 2697; x_wconf 87' lang='lat' dir='ltr'><strong>ny</strong></span> <span class='ocrx_word' id='word_1_379' title='bbox 536 2653 694 2687; x_wconf 85' lang='lat' dir='ltr'><strong>vueillez</strong></span> <span class='ocrx_word' id='word_1_380' title='bbox 712 2654 808 2686; x_wconf 78' lang='lat' dir='ltr'><strong>faire</strong></span> <span class='ocrx_word' id='word_1_381' title='bbox 826 2653 957 2686; x_wconf 79' lang='lat' dir='ltr'><strong>saulte.</strong></span> 
     </span>
    </p>

    <p class='ocr_par' dir='ltr' id='par_1_8' title="bbox 206 2703 1805 2749">
     <span class='ocr_line' id='line_1_38' title="bbox 206 2703 1805 2749; baseline -0.006 -4"><span class='ocrx_word' id='word_1_382' title='bbox 206 2713 240 2745; x_wconf 93' lang='lat' dir='ltr'>A</span> <span class='ocrx_word' id='word_1_383' title='bbox 256 2713 348 2749; x_wconf 84' lang='lat' dir='ltr'><strong>tant,</strong></span> <span class='ocrx_word' id='word_1_384' title='bbox 367 2709 582 2749; x_wconf 72' lang='lat' dir='ltr'><strong>venerable,</strong></span> <span class='ocrx_word' id='word_1_385' title='bbox 609 2709 715 2742; x_wconf 88' lang='lat' dir='ltr'><strong>chicr</strong></span> <span class='ocrx_word' id='word_1_386' title='bbox 739 2711 777 2742; x_wconf 86' lang='lat' dir='ltr'><strong>ct</strong></span> <span class='ocrx_word' id='word_1_387' title='bbox 802 2709 887 2742; x_wconf 88' lang='lat' dir='ltr'><strong>bien</strong></span> <span class='ocrx_word' id='word_1_388' title='bbox 913 2709 1008 2747; x_wconf 81' lang='lat' dir='ltr'><strong>ame,</strong></span> <span class='ocrx_word' id='word_1_389' title='bbox 1037 2708 1165 2740; x_wconf 84' lang='lat' dir='ltr'><strong>nostre</strong></span> <span class='ocrx_word' id='word_1_390' title='bbox 1192 2706 1379 2749; x_wconf 84' lang='lat' dir='ltr'><strong>Seigncur</strong></span> <span class='ocrx_word' id='word_1_391' title='bbox 1404 2703 1484 2749; x_wconf 86' lang='lat' dir='ltr'><strong>[ait]</strong></span> <span class='ocrx_word' id='word_1_392' title='bbox 1503 2704 1620 2748; x_wconf 81' lang='lat' dir='ltr'><strong>garde</strong></span> <span class='ocrx_word' id='word_1_393' title='bbox 1639 2704 1684 2737; x_wconf 85' lang='lat' dir='ltr'><strong>de</strong></span> <span class='ocrx_word' id='word_1_394' title='bbox 1701 2712 1805 2736; x_wconf 79' lang='lat' dir='ltr'><strong>vous.</strong></span> 
     </span>
    </p>

    <p class='ocr_par' dir='ltr' id='par_1_9' title="bbox 207 2762 1505 2809">
     <span class='ocr_line' id='line_1_39' title="bbox 207 2762 1505 2809; baseline -0.005 -8"><span class='ocrx_word' id='word_1_395' title='bbox 207 2767 358 2809; x_wconf 86' lang='lat' dir='ltr'><strong>Escript</strong></span> <span class='ocrx_word' id='word_1_396' title='bbox 375 2767 397 2799; x_wconf 77' lang='lat' dir='ltr'><strong>a</strong></span> <span class='ocrx_word' id='word_1_397' title='bbox 413 2765 585 2805; x_wconf 86' lang='lat' dir='ltr'><strong>Malincs,</strong></span> <span class='ocrx_word' id='word_1_398' title='bbox 605 2765 640 2799; x_wconf 90' lang='lat' dir='ltr'><strong>le</strong></span> <span class='ocrx_word' id='word_1_399' title='bbox 657 2765 766 2807; x_wconf 70' lang='lat' dir='ltr'><strong>xxiije</strong></span> <span class='ocrx_word' id='word_1_400' title='bbox 782 2765 869 2806; x_wconf 84' lang='lat' dir='ltr'><strong>jour</strong></span> <span class='ocrx_word' id='word_1_401' title='bbox 887 2764 1005 2796; x_wconf 80' lang='lat' dir='ltr'><strong>davril</strong></span> <span class='ocrx_word' id='word_1_402' title='bbox 1024 2769 1086 2796; x_wconf 69' lang='lat' dir='ltr'><strong>xvc</strong></span> <span class='ocrx_word' id='word_1_403' title='bbox 1104 2772 1178 2795; x_wconf 76' lang='lat' dir='ltr'><strong>xxv</strong></span> <span class='ocrx_word' id='word_1_404' title='bbox 1196 2763 1306 2805; x_wconf 73' lang='lat' dir='ltr'><strong>apres</strong></span> <span class='ocrx_word' id='word_1_405' title='bbox 1325 2762 1505 2802; x_wconf 81' lang='lat' dir='ltr'><strong>Fasques.</strong></span> 
     </span>
    </p>
   </div>
   <div class='ocr_carea' id='block_1_6' title="bbox 744 2830 1719 2927">
    <p class='ocr_par' dir='ltr' id='par_1_10' title="bbox 744 2830 1719 2927">
     <span class='ocr_line' id='line_1_40' title="bbox 744 2830 1228 2873; baseline -0.008 -8"><span class='ocrx_word' id='word_1_406' title='bbox 744 2832 802 2865; x_wconf 90' lang='lat' dir='ltr'><strong>Au</strong></span> <span class='ocrx_word' id='word_1_407' title='bbox 828 2832 949 2873; x_wconf 63' lang='lat' dir='ltr'><strong>(loyen</strong></span> <span class='ocrx_word' id='word_1_408' title='bbox 976 2830 1021 2863; x_wconf 78' lang='lat' dir='ltr'><strong>(le</strong></span> <span class='ocrx_word' id='word_1_409' title='bbox 1046 2830 1228 2864; x_wconf 79' lang='lat' dir='ltr'><strong>Louvain.</strong></span> 
     </span>
     <span class='ocr_line' id='line_1_41' title="bbox 1471 2883 1719 2927; baseline -0.012 -10"><span class='ocrx_word' id='word_1_410' title='bbox 1471 2883 1719 2927; x_wconf 81' lang='lat' dir='ltr'><strong>Marguerite.</strong></span> 
     </span>
    </p>
   </div>
   <div class='ocr_carea' id='block_1_7' title="bbox 518 2972 1542 3021">
    <p class='ocr_par' dir='ltr' id='par_1_11' title="bbox 518 2972 1542 3021">
     <span class='ocr_line' id='line_1_42' title="bbox 518 2972 1542 3021; baseline -0.006 -9"><span class='ocrx_word' id='word_1_411' title='bbox 518 2975 776 3021; x_wconf 83' lang='lat' dir='ltr'><strong>Rijksarchief</strong></span> <span class='ocrx_word' id='word_1_412' title='bbox 792 2977 828 3010; x_wconf 85' lang='lat' dir='ltr'><strong>tc</strong></span> <span class='ocrx_word' id='word_1_413' title='bbox 847 2974 1013 3015; x_wconf 84' lang='lat' dir='ltr'><strong>Brusscl‚</strong></span> <span class='ocrx_word' id='word_1_414' title='bbox 1033 2972 1175 3010; x_wconf 64' lang='lat' dir='ltr'><strong>Far-des</strong></span> <span class='ocrx_word' id='word_1_415' title='bbox 1191 2972 1237 3009; x_wconf 84' lang='lat' dir='ltr'><strong>de</strong></span> <span class='ocrx_word' id='word_1_416' title='bbox 1262 2973 1412 3015; x_wconf 69' lang='lat' dir='ltr'><strong>Vimnze,</strong></span> <span class='ocrx_word' id='word_1_417' title='bbox 1432 2979 1471 3006; x_wconf 87' lang='lat' dir='ltr'><strong>n¹·</strong></span> <span class='ocrx_word' id='word_1_418' title='bbox 1488 2973 1542 3006; x_wconf 76' lang='lat'><strong>47.</strong></span> 
     </span>
    </p>
   </div>
  </div>
 </body>
</html>
