2096 3481
145 291 178 324 6.

145 401 178 435 7.

142 511 175 545 8.

122 785 174 820 10.

122 952 175 985 11.

124 1119 178 1152 12.

123 1174 176 1207 13.

123 1284 176 1318 14.

127 1450 180 1484 15.

125 1560 178 1594 16.

124 1671 176 1705 17.

124 1838 177 1872 18.

125 2061 177 2094 19.

122 2172 178 2206 20.

123 2283 177 2317 21.

125 2507 179 2540 22.

126 2674 180 2707 23.

125 2730 180 2763 24.

125 2842 181 2875 25.

820 176 958 211 ANNO
986 175 1068 209 1523
1695 173 1757 206 211

200 289 457 332 Propinquius
485 296 571 321 eum
597 286 754 320 adduxit
771 286 817 319 ad
842 286 1091 329 Evangelium
1111 285 1250 320 Christi
1275 284 1464 318 Lutherus
1482 292 1591 325 quam
1617 283 1762 326 Augus-

213 347 317 378 tinus
336 343 395 377 vel
409 343 676 384 Hieronymus.

197 401 254 434 Ex
272 400 467 441 Scriptura
483 397 597 430 Sacra
610 406 684 429 non
697 396 823 438 potest
839 396 1005 438 probari,
1025 396 1123 437 quod
1137 404 1234 438 papa
1250 394 1307 428 vel
1327 395 1552 436 quicumque
1568 392 1758 436 praelatus

211 456 350 488 habeat
365 453 449 496 plus
467 462 578 494 quam
596 451 717 485 solum
734 451 987 484 ministerium
1006 451 1111 483 verbi
1130 451 1283 484 Christi.

195 511 274 545 Nec
301 518 399 552 papa
436 518 506 542 nee
537 508 763 549 quicumque
795 505 891 539 alius
923 505 1116 548 praelatus
1147 507 1273 548 potest
1303 505 1406 539 aliud
1446 505 1667 547 praecipere
1699 503 1758 537 vel

210 565 428 608 prohibere,
455 563 555 604 quod
578 562 693 596 Sacra
717 561 913 603 Scriptura
936 571 1010 593 non
1035 561 1215 600 continet,
1241 560 1299 594 vel
1326 560 1425 602 quod
1444 560 1544 593 Deus
1563 570 1636 592 non
1653 568 1759 602 prae—

209 621 310 663 cepit
325 619 383 653 vel
401 618 608 661 prohibuit,
628 627 701 659 quo
719 616 936 650 laederetur
954 617 1197 649 conscientia.

170 675 386 710 ‚Secularis
413 675 581 716 potestas
607 673 735 715 potest
762 671 853 705 talia
880 672 1101 714 praecipere
1129 674 1167 705 et
1193 671 1398 714 prohibere
1430 670 1554 712 quoad
1584 679 1757 713 corpora,

209 731 276 764 sed
304 739 379 763 non
407 729 530 770 quoad
547 728 829 760 conscientiam.

193 785 365 820 Ecclesia
382 784 547 817 nondum
571 782 768 825 prohibuit
791 782 910 815 libros
935 782 1115 823 Lutheri;
1142 783 1180 816 et
1203 783 1289 824 post
1313 773 1541 815 solutionem
1559 782 1729 814 textuum
1749 790 1756 813 :

211 856 227 868 «ι
248 840 383 874 Omnia
405 839 577 882 probate,
603 840 642 872 et
663 838 835 880 probate,
855 838 1011 880 spiritus
1036 838 1068 870 si
1092 847 1139 871 ex
1164 838 1242 870 Deo
1261 838 1336 870 sint
1354 853 1384 876 „,
1415 837 1571 869 intravit
1598 837 1759 870 eundem

209 895 423 933 articulum,
443 895 570 927 dicens
590 903 597 926 ε
617 893 789 927 Ecclesia
806 902 880 926 non
897 893 1116 935 reprobavit
1133 892 1251 925 libros
1269 892 1440 925 Lutheri.

194 951 321 992 Aliqui
351 949 502 983 articuli
530 949 568 981 in
595 948 700 982 bulla
727 949 866 981 Leonis
893 957 1013 990 papae
1046 948 1181 981 decimi
1212 948 1458 990 reperiuntur
1487 947 1666 986 damnati,
1696 947 1760 988 qui

210 1008 334 1040 tamen
359 1007 447 1038 sunt
470 1005 563 1043 veri,
589 1005 628 1038 et
650 1013 719 1046 per
743 1004 815 1037 1100
837 1004 936 1037 male
961 1004 1139 1043 damnati,
1167 1003 1286 1037 donec
1310 1003 1446 1036 melius
1474 1003 1695 1042 instruatur,
1723 1004 1761 1036 et

211 1060 506 1104 exemplificavit
538 1060 584 1093 de
611 1059 691 1092 1110.

198 1117 336 1152 Omnes
354 1116 526 1149 homines
544 1116 632 1148 sunt
649 1115 866 1148 sacerdotes
883 1123 1011 1148 coram
1029 1115 1122 1148 Deo.

196 1173 334 1207 Omnes
352 1171 524 1204 homines
541 1171 700 1213 possunt
715 1171 912 1204 remittere
928 1171 1084 1213 peccata
1100 1169 1304 1212 cujuslibet
1327 1169 1537 1209 christiani,
1558 1169 1621 1211 qui
1639 1169 1762 1202 sciunt

209 1228 402 1270 corripere
418 1225 678 1259 fraternaliter
694 1226 921 1268 proximum.

195 1283 376 1318 Mulieres
400 1283 558 1324 possunt
582 1281 778 1314 absolvere
802 1281 975 1315 homines
999 1290 1022 1314 a
1043 1281 1221 1323 peccatis,
1248 1280 1348 1322 quod
1372 1280 1554 1323 intelligit
1580 1280 1625 1313 de
1642 1280 1762 1314 Evan-

210 1338 334 1382 gelica
365 1336 614 1376 absolutione,
649 1345 744 1378 quae
784 1337 1024 1370 continenter
1054 1337 1108 1369 ibi
1141 1346 1148 1369 :
1188 1336 1227 1369 Si
1257 1336 1472 1378 peccaverit
1503 1336 1541 1368 in
1574 1336 1611 1369 te
1642 1336 1762 1369 frater

214 1396 313 1433 tuus,
332 1394 403 1427 eto.

200 1449 375 1484 Potestas
402 1447 634 1491 Evangelica
660 1448 839 1481 contenta
865 1447 918 1480 ibi
948 1456 956 1480 :
988 1461 1003 1474 u
1023 1447 1192 1486 Quorum
1219 1446 1445 1480 remiseritis
1471 1447 1628 1490 peccata
1645 1462 1675 1486 v,
1705 1447 1763 1480 est

211 1505 379 1547 potestas
396 1504 605 1536 communis
624 1503 797 1535 omnibus
814 1502 1044 1536 hominibus,

197 1560 241 1594 In
258 1561 373 1592 missa
389 1569 463 1592 non
481 1559 640 1592 offertur
656 1567 792 1600 corpus
818 1557 959 1591 Christi
977 1558 1022 1591 ab
1040 1558 1206 1597 homine,
1233 1558 1334 1600 quia,
1354 1558 1453 1600 quod
1471 1558 1543 1591 sibi
1560 1559 1618 1592 est
1635 1558 1762 1591 datum

210 1617 249 1649 in
265 1615 476 1649 remedium
493 1616 531 1648 et
547 1614 958 1653 commemorationem,
978 1624 1053 1646 non
1072 1614 1241 1647 offertur.

195 1671 471 1714 Interrogatus,
498 1679 545 1703 an
568 1670 685 1703 verba
709 1670 864 1702 canonis
888 1670 1026 1703 missae
1050 1669 1126 1702 sint
1142 1669 1264 1702 falsa:
1293 1683 1308 1697 u
1328 1669 1514 1711 Quicquid
1539 1670 1599 1708 sit,
1626 1670 1760 1711 inquit,

214 1728 260 1760 de
299 1726 425 1759 verbis
457 1726 624 1765 canonis,
658 1735 733 1758 non
766 1726 923 1758 offertur
962 1735 1100 1768 corpus
1140 1725 1281 1759 Christi
1312 1726 1351 1758 in
1383 1726 1509 1765 missa,
1543 1726 1608 1759 sed
1641 1725 1762 1758 solum

211 1782 374 1816 sumitur
389 1782 429 1814 in
446 1782 668 1815 memoriam
686 1781 780 1822 ejus.
803 1796 819 1809 n

203 1839 361 1881 Ignorat
384 1846 431 1870 an
454 1838 606 1870 maneat
620 1837 729 1879 panis
746 1837 784 1868 in
802 1837 1038 1870 sacramento
1056 1836 1320 1870 Eucharistiae
1337 1838 1423 1879 post
1439 1837 1762 1870 consecrationem

211 1894 372 1934 Christi3
398 1894 437 1926 et
467 1902 551 1925 cum
577 1893 759 1926 adductus
784 1894 884 1926 esset
908 1893 1034 1925 textus
1054 1902 1062 1925 2
1082 1893 1120 1926 (3.
1142 1893 1375 1926 damnamus.
1404 1894 1449 1926 de
1474 1903 1607 1925 summ.
1636 1893 1697 1925 tri.
1725 1894 1763 1925 et

210 1950 248 1982 fi.
269 1959 339 1988 ca„
368 1949 566 1991 respondit
594 1958 602 1981 z
634 1962 650 1976 u
677 1948 715 1982 Si
743 1948 928 1982 habeatur
956 1948 995 1980 in
1027 1947 1144 1981 sacris
1177 1947 1313 1988 literis,
1348 1950 1437 1982 tunc
1465 1949 1578 1981 credo
1608 1948 1692 1988 hoc,
1725 1950 1764 1981 et

212 2005 305 2038 alias
323 2014 410 2037 11011.
439 2019 455 2033 η

197 2060 301 2094 Nihil
319 2060 458 2093 debere
481 2059 586 2093 credi
609 2060 677 2093 sub
702 2059 872 2102 periculo
898 2059 1154 2093 conscientiae
1177 2061 1251 2093 nisi
1276 2061 1376 2102 quod
1400 2060 1527 2094 verbis
1545 2059 1681 2092 divinis
1706 2060 1763 2093 est

210 2117 415 2159 proditum,
433 2115 492 2149 vel
510 2116 611 2157 quod
627 2125 674 2149 ex
689 2116 816 2149 verbis
834 2116 972 2148 divinis
988 2115 1082 2148 illici
1098 2117 1236 2158 potest.

197 2172 236 2206 Si
264 2171 466 2205 concilium
495 2172 678 2205 diffiniret
704 2171 859 2212 aliquid,
886 2171 986 2212 quod
1010 2172 1049 2204 in
1074 2172 1189 2205 Sacra
1214 2172 1411 2214 Scriptura
1434 2181 1508 2205 non
1533 2172 1760 2211 continetur,

211 2228 283 2261 hoc
300 2228 412 2261 debet
427 2228 644 2269 suspectum
660 2227 806 2260 haberi.

197 2284 277 2317 Nec
304 2282 427 2316 noluit
453 2282 553 2315 ultra
583 2283 829 2325 respondere,
859 2283 987 2315 utrum
1015 2283 1173 2316 deberet
1200 2283 1357 2317 credere
1385 2283 1444 2317 vel
1475 2292 1548 2316 non
1581 2282 1761 2324 credere;

212 2340 362 2381 saepius
394 2340 520 2372 tamen
551 2339 823 2381 interrogatus,
858 2338 1037 2380 quicquid
1068 2339 1118 2371 sit
1145 2339 1190 2372 de
1220 2339 1384 2372 Martino
1414 2339 1596 2377 Luthero,
1627 2339 1698 2371 scit
1725 2339 1764 2370 et

213 2395 304 2428 dicit
326 2403 394 2437 per
418 2395 559 2436 scripta
575 2393 678 2427 illius
695 2394 844 2427 venisse
869 2394 914 2427 ad
932 2394 1189 2436 cognitionem
1206 2394 1415 2437 Evangelij.
1435 2394 1698 2437 Interrogatus
1716 2403 1762 2426 an

213 2451 398 2484 Martinus
415 2450 495 2491 ipse
513 2449 657 2482 Luther
674 2449 851 2482 habuerit
869 2450 1044 2491 spiritum
1063 2450 1145 2488 Dei,
1166 2450 1287 2482 noluit
1303 2450 1551 2492 respondere.

200 2507 305 2540 Dixit
331 2515 371 2538 50
403 2515 478 2538 11011
506 2505 736 2549 intelligere,
767 2507 1040 2548 interrogatus,
1071 2506 1102 2537 si
1131 2506 1239 2547 putet
1266 2515 1349 2538 esse
1379 2506 1633 2539 differentiam
1662 2505 1762 2538 inter

213 2562 428 2595 sacerdotes
467 2562 505 2594 et
535 2560 651 2593 laicos
683 2562 722 2593 in
754 2561 1040 2594 consecratione
1079 2561 1355 2599 Eucharistiae,
1390 2562 1427 2594 et
1459 2570 1504 2593 an
1538 2570 1761 2594 consecrare

212 2618 401 2660 pertineat
417 2617 463 2650 ad
480 2617 732 2650 sacerdotium
750 2617 902 2655 Christi,
923 2618 958 2650 et
977 2617 1022 2649 ad
1040 2617 1293 2649 sacerdotium
1311 2617 1407 2649 Novi
1426 2616 1670 2650 Testamenti.

199 2674 387 2716 InJuriose
405 2672 500 2705 dixit
518 2682 526 2704 :
548 2686 563 2699 u
583 2672 754 2705 Christus
772 2673 867 2705 bene
885 2673 1064 2714 respiciet
1081 2673 1118 2704 in
1137 2673 1258 2705 minas
1275 2674 1419 2705 vestras
1438 2687 1468 2711 n,
1487 2673 1557 2705 ete.

201 2729 238 2763 si
256 2729 438 2762 hactenus
463 2737 593 2761 omnes
615 2728 710 2761 bene
726 2730 980 2770 reputassent,
1008 2737 1138 2761 omnes
1164 2728 1250 2760 laici
1275 2729 1441 2770 reputati
1462 2729 1624 2762 fuissent
1642 2738 1762 2762 sacer-

215 2786 321 2818 dotes
339 2785 437 2817 sicut
453 2784 664 2817 consecrati
682 2784 726 2816 ab
746 2784 849 2825 ipsis.

200 2842 285 2875 Non
311 2839 512 2879 intellexit,
538 2849 585 2872 an
603 2839 801 2882 episcopus
828 2849 1054 2873 consecrans
1078 2839 1243 2882 aliquem
1267 2840 1306 2873 in
1324 2840 1570 2879 sacerdotem,
1597 2839 1761 2881 aliquam

215 2906 348 2930 novam
365 2897 589 2938 potestatem
607 2895 853 2929 consecrandi
871 2895 1026 2930 tribuat.
