2096 3481
834 232 971 266 ANNO
1002 233 1082 265 1524
1716 234 1779 267 251

140 359 199 389 na
219 345 302 388 den
334 344 601 388 marteldood
626 359 707 388 van
731 344 846 401 zijne
884 345 999 386 twee
1039 344 1234 400 gezellen
1272 344 1468 387 Hendrik
1502 358 1556 387 en
1586 345 1686 388 Jan.
1716 345 1777 387 De

140 414 272 457 vrede
289 413 494 458 heerscht
511 415 555 457 in
578 414 629 456 de
647 413 806 456 landen
824 426 910 455 van
934 412 1016 455 den
1039 414 1198 469 hertog
1220 427 1301 455 van
1325 413 1506 457 Saksen.
1535 415 1594 456 De
1617 413 1778 469 hertog

139 497 224 527 van
247 483 431 527 Beieren
464 497 517 526 en
541 483 592 525 de
625 482 950 538 aartsbisschop
974 496 1059 525 van
1099 483 1222 525 Trier
1260 482 1344 538 zijn
1369 482 1646 538 integendeel
1669 496 1775 537 erge

141 552 392 608 vervolgers
415 553 493 595 der
525 552 823 595 Lutheranen.
859 551 1034 594 Andere
1059 555 1237 594 vorsten
1261 551 1349 607 zijn
1385 551 1474 593 niet
1507 565 1583 593 zoo
1605 551 1778 594 wreed-

137 621 306 677 aardig.
330 621 612 678 Praepositus
633 635 687 664 en
711 621 763 663 de
786 620 1108 676 Antwerpsche
1131 620 1337 663 broeders
1368 623 1549 677 groeten
1574 619 1779 663 Lambert

140 692 330 734 Thoren.

144 805 329 850 Discipulo
357 804 494 840 Christi
516 805 622 848 fideli
649 805 845 850 Lamperto
876 805 907 839 T
910 805 1017 845 horn,
1037 807 1079 839 in
1101 804 1262 839 vinculis
1285 803 1483 849 Evanqelii
1508 813 1622 838 causa
1639 804 1776 848 posito,

601 861 716 905 fratri
739 871 804 895 suo
828 863 870 894 in
894 862 1055 895 Domino
1079 859 1317 895 charissimo.

183 948 350 981 Gratiam
367 948 406 981 et
421 957 552 990 pacem
569 948 608 980 in
626 948 801 981 Domino.

182 1003 238 1036 De
270 1004 307 1035 te
339 1003 430 1035 satis
461 1003 555 1035 mihi
588 1002 759 1036 Christus
791 1003 873 1045 ipsc
904 999 1078 1041 testatur,
1113 1002 1254 1044 optime
1285 1002 1405 1034 frater
1437 1001 1650 1042 Lamperte,
1684 1001 1778 1034 meis

139 1058 264 1091 verbis
288 1058 356 1091 tibi
382 1068 455 1090 non
482 1068 575 1100 opus
599 1059 708 1091 fore:
735 1059 816 1100 ipse
842 1059 943 1091 enim
966 1059 1005 1091 in
1024 1060 1060 1091 te
1076 1058 1219 1099 patitur
1243 1059 1281 1090 et
1304 1056 1553 1099 glorificatur,
1572 1056 1704 1098 captus
1722 1058 1779 1089 est

140 1115 179 1147 et
207 1115 355 1156 regnat,
390 1114 617 1155 opprimitur
648 1117 687 1146 ct
718 1114 937 1155 triumphat,
971 1114 1035 1155 qui
1068 1113 1135 1145 tibi
1171 1113 1274 1145 dedit
1308 1112 1366 1144 sui
1402 1112 1569 1145 sanctam
1600 1111 1704 1144 illam
1742 1112 1780 1144 et

139 1169 278 1201 mundo
308 1169 566 1201 absconditam
594 1169 863 1211 cognitionem.
892 1170 970 1202 Nec
996 1169 1140 1201 tantum
1168 1167 1251 1205 hoc,
1282 1168 1348 1200 sed
1373 1168 1412 1199 ct
1435 1167 1536 1199 intus
1560 1167 1717 1199 roborat
1741 1167 1778 1199 te

140 1224 276 1266 spiritu
301 1234 368 1256 suo
393 1225 432 1256 in
457 1224 516 1256 his
541 1224 850 1257 tribulationibus
875 1224 1056 1259 externis,
1082 1232 1170 1256 vcro
1196 1225 1234 1255 ct
1259 1223 1410 1265 gemino
1429 1222 1602 1263 exemplo
1621 1222 1778 1254 Henrici

140 1281 179 1312 ct
207 1280 366 1312 Joannis
395 1280 432 1312 te
460 1279 626 1320 solatu1'3
656 1280 710 1312 ita
738 1281 779 1312 ut
802 1280 895 1312 mihi
924 1280 979 1312 illi
1005 1281 1042 1312 et
1066 1280 1105 1311 tu
1130 1287 1268 1320 magno
1294 1278 1376 1310 sitis
1405 1277 1539 1310 solatio
1569 1278 1607 1309 et
1634 1277 1775 1315 robori,

139 1335 213 1367 imo
232 1335 302 1367 toti
318 1336 458 1367 mundo
476 1335 697 1367 suavissimo
717 1336 836 1373 odori,
856 1337 894 1368 et
910 1334 1118 1377 Evangelio
1134 1333 1274 1367 Christi
1291 1333 1432 1375 insigni
1450 1333 1609 1375 gloriae,
1631 1333 1777 1365 tantum

141 1391 259 1428 abest,
279 1391 320 1423 ut
336 1399 421 1423 mea
437 1390 696 1423 consolatione
712 1391 926 1423 onerandus
944 1391 1007 1422 sis.

183 1446 274 1484 Quis
307 1446 389 1484 scit,
427 1456 494 1478 cur
530 1448 566 1479 te
599 1446 781 1478 Dominus
818 1446 984 1478 noluerit
1018 1456 1102 1478 cum
1135 1446 1280 1478 duobus
1312 1445 1394 1477 istis
1427 1444 1576 1486 perire?
1608 1443 1777 1476 Servaris

139 1501 239 1535 enim
271 1501 309 1533 in
339 1501 439 1534 aliud
469 1501 706 1534 miraculum.
735 1501 902 1534 Proinde
931 1501 999 1533 tibi
1027 1501 1106 1533 toto
1135 1502 1248 1534 corde
1276 1500 1496 1543 congaudeo
1525 1500 1563 1531 et
1591 1498 1776 1541 gratulor,

139 1557 283 1599 gratias
306 1565 422 1599 agens
449 1556 668 1589 fidelissimo
694 1556 881 1589 Salvatori
906 1557 1047 1595 nostro,
1075 1557 1235 1589 Domino
1259 1556 1379 1589 Jliesu
1406 1555 1569 1593 Christo,
1597 1554 1660 1595 qui
1684 1553 1778 1586 mihi

141 1622 215 1644 non
246 1612 358 1644 modo
390 1612 547 1645 verbum
579 1621 687 1644 suum
719 1613 757 1644 et
788 1612 962 1654 spiritum
1003 1621 1125 1650 nosse,
1159 1613 1225 1645 sed
1257 1613 1295 1644 et
1324 1611 1599 1644 incrementum
1631 1609 1778 1651 gratiae

139 1668 215 1700 tam
244 1666 464 1709 opulentum
493 1668 531 1700 et
561 1667 806 1710 magnificum
837 1668 876 1700 in
908 1667 1013 1700 vobis
1040 1668 1170 1700 videre
1202 1667 1366 1699 donavit.
1398 1666 1458 1699 Mc
1489 1665 1682 1703 miserum,
1714 1664 1778 1705 qui

138 1723 282 1764 primus
313 1723 387 1755 ista
419 1723 590 1755 docuisse
621 1723 756 1764 jactor,
791 1724 828 1756 ct
862 1723 1087 1755 novissimus
1124 1724 1162 1755 et
1199 1724 1299 1755 forte
1335 1730 1526 1762 nunquam
1564 1721 1777 1753 vestrorum

138 1777 376 1810 vinculorum
394 1779 432 1811 et
447 1778 594 1820 ignium
613 1779 803 1820 particeps
821 1788 904 1811 esse
922 1779 1059 1820 dignus
1076 1788 1170 1811 sum.

181 1833 387 1865 Vindicabo
420 1833 545 1866 tamen
578 1833 674 1866 hanc
705 1843 828 1867 meam
862 1834 1055 1866 miseriam
1086 1835 1124 1866 et
1155 1833 1380 1866 consolabor
1412 1841 1483 1870 me,
1518 1832 1617 1873 quod
1650 1831 1777 1863 vestra

137 1888 286 1921 vincula
309 1898 394 1921 mea
417 1890 516 1927 sunt,
542 1889 658 1921 vestri
682 1898 854 1922 carceres
879 1891 917 1922 et
940 1889 1049 1931 ignes
1074 1889 1149 1922 mei
1173 1890 1280 1929 sunt3
1310 1889 1398 1920 sunt
1425 1896 1527 1925 vero,
1558 1887 1646 1919 dum
1670 1887 1709 1918 et
1732 1896 1778 1918 ea

138 1944 322 1976 confiteor
349 1946 387 1976 et
415 1944 606 1986 praedico,
639 1945 821 1985 vobisque
853 1944 963 1976 simul
997 1945 1206 1985 compatior
1238 1946 1276 1976 et
1303 1942 1560 1986 congratulor.
1592 1941 1776 1974 Dominus

139 2000 264 2032 autem
279 2000 431 2038 Jliesus,
451 2000 515 2040 qui
532 2000 658 2041 coepit
674 2000 712 2032 in
731 2001 767 2032 te
786 2000 947 2042 gloriam
972 2009 1089 2038 suam,
1108 2000 1281 2041 perficiat
1297 2000 1335 2031 in
1361 1999 1460 2031 diem
1485 2007 1601 2030 suam.
1628 1996 1774 2037 Itaque,

139 2055 189 2087 mi
217 2055 348 2093 frater,
379 2064 446 2087 ora
472 2064 540 2096 pro
570 2065 642 2093 me,
673 2056 771 2088 sicut
797 2056 836 2088 et
863 2065 934 2098 ego
962 2064 1030 2097 pro
1057 2056 1106 2093 te,
1136 2064 1280 2087 memor
1305 2054 1420 2092 illius,
1448 2054 1546 2094 quod
1572 2062 1646 2085 non
1673 2052 1776 2084 solus

138 2110 294 2152 pateris,
320 2111 385 2143 sed
402 2110 472 2143 Ille
491 2111 626 2149 tecum,
653 2110 717 2151 qui
735 2111 852 2142 dicit:
881 2123 896 2137 a
917 2111 1008 2143 Cum
1031 2111 1113 2152 ipso
1140 2119 1223 2143 sum
1247 2111 1285 2142 in
1311 2109 1575 2148 tribulationc3
1596 2107 1776 2149 quoniam

137 2163 176 2195 in
207 2172 267 2195 me
298 2163 474 2205 speravit,
509 2163 678 2196 liberabo
711 2173 815 2203 eumz,
848 2164 1046 2205 protegam
1079 2172 1177 2201 eum,
1218 2163 1396 2204 quoniam
1427 2161 1605 2203 cognovit
1637 2170 1773 2193 nomen

138 2227 275 2251 meum.
297 2233 312 2246 a
347 2218 420 2251 Sed
452 2220 490 2251 et
518 2228 585 2251 nos
614 2228 744 2251 omncs
773 2220 897 2251 tecum
926 2228 1066 2257 sumus,
1097 2218 1207 2250 simul
1237 2227 1321 2250 cum
1351 2217 1524 2254 Domino,
1560 2216 1623 2257 qui
1652 2216 1776 2249 tecum

139 2274 208 2312 est,
227 2282 295 2306 nec
312 2273 382 2306 Ille
400 2283 468 2306 nec
486 2284 553 2306 nos
572 2275 608 2307 te
628 2275 857 2307 deseremus.
879 2273 934 2306 Tu
960 2274 1123 2307 viriliter
1147 2283 1229 2316 age,
1250 2274 1288 2306 et
1305 2273 1540 2305 confortetur
1565 2280 1630 2303 cor
1655 2272 1773 2308 tuum,

139 2328 282 2361 sustine
300 2329 513 2361 Dominum.
540 2329 625 2371 Ipse
651 2330 746 2362 dixit
764 2340 771 2362 :
801 2343 816 2356 u
834 2330 877 2362 In
901 2329 1040 2362 mundo
1058 2337 1275 2370 pressuram
1294 2328 1480 2360 habebitis
1498 2328 1535 2359 in
1554 2336 1613 2359 me
1629 2336 1774 2368 pacem,

139 2384 205 2416 sed
222 2384 412 2421 confidite,
432 2393 503 2427 ego
520 2385 593 2417 vici
610 2386 802 2418 mundum.
824 2401 839 2413 n
859 2386 937 2418 Nec
955 2385 1123 2426 disputes
1141 2394 1225 2417 cum
1243 2383 1392 2419 Sanina,
1412 2383 1476 2415 sed
1503 2382 1544 2414 :nl
1574 2382 1775 2414 Dominum

139 2439 240 2472 stent
257 2438 356 2471 oculi
380 2439 455 2479 tuig
482 2439 645 2481 simplici
670 2441 743 2473 fide
769 2441 878 2473 nixus
897 2439 1018 2472 solum
1036 2440 1227 2473 Christum
1250 2439 1409 2472 Jhesum
1433 2438 1526 2470 scito
1552 2447 1648 2475 esse,
1667 2437 1775 2478 cujus

139 2495 324 2536 sanguine
349 2504 416 2527 nos
433 2494 527 2527 salvi
545 2496 697 2528 erimus
718 2495 842 2538 Opera
859 2496 989 2528 nostra
1004 2497 1042 2528 ct
1059 2495 1224 2528 humana
1240 2495 1391 2532 statuta,
1412 2494 1509 2526 sicut
1526 2502 1599 2525 non
1617 2493 1776 2534 possunt

139 2558 221 2582 esse
238 2550 392 2592 sanguis
411 2550 564 2589 Christi,
583 2551 636 2584 ita
660 2560 729 2584 nec
752 2552 906 2593 peccata
927 2550 1063 2584 tollere
1089 2560 1156 2583 nec
1178 2550 1400 2591 justificare,
1426 2550 1480 2582 ita
1503 2558 1571 2581 nec
1597 2548 1774 2581 damnare

138 2606 296 2646 possunt
313 2614 382 2638 nec
398 2615 506 2638 reum
524 2607 666 2639 tenere.

181 2660 291 2701 Apud
319 2671 387 2693 nos
419 2662 487 2693 sub
520 2662 655 2694 ducatu
686 2663 867 2704 principis
897 2663 1015 2694 nostri
1047 2672 1120 2703 pax
1153 2663 1229 2701 est
1263 2662 1454 2694 caeterum
1487 2661 1561 2692 dux
1591 2659 1774 2691 Bavariac

139 2716 176 2749 et
200 2716 398 2757 episcopus
423 2716 667 2750 Treverensis
692 2718 829 2750 multos
847 2718 1021 2759 perdunt,
1045 2717 1288 2759 proscribunt
1313 2726 1354 2748 ac
1379 2716 1671 2758 persequuntur.
1696 2713 1772 2746 Alii

139 2771 305 2812 episcopi
329 2772 368 2803 ct
391 2772 580 2813 principes
609 2782 631 2805 a
658 2774 841 2816 sanguine
870 2774 1021 2814 quidem
1050 2773 1274 2814 temperant,
1304 2772 1368 2804 sed
1394 2781 1415 2803 a
1438 2771 1473 2802 vi
1499 2772 1537 2803 et
1561 2770 1672 2802 minis
1698 2778 1771 2801 non

140 2827 363 2867 temperant,
390 2828 428 2859 et
452 2828 590 2868 ubique
614 2830 672 2860 est
697 2828 867 2862 Christus
892 2829 1014 2861 denuo
1045 2828 1292 2869 opprobrium
1320 2827 1514 2859 hominum
1543 2826 1581 2858 et
1609 2825 1770 2865 abjectio

108 2898 110 2900 v
138 2881 270 2923 plebis,
299 2883 407 2923 cujus
434 2884 644 2917 membrum
673 2886 711 2918 tu
740 2886 861 2917 factus
892 2894 931 2917 es
959 2885 1156 2917 vocatione
1185 2884 1314 2916 sancta
1341 2882 1467 2915 Patris
1496 2881 1629 2917 nostri,
1659 2889 1770 2922 quam

140 2938 221 2979 ipse
237 2937 276 2971 in
292 2938 330 2971 te
347 2938 534 2982 compleat
550 2949 634 2974 cum
651 2939 776 2984 gloria
793 2940 954 2974 nominis
975 2941 1014 2973 et
1029 2939 1134 2973 verbi
1152 2939 1222 2972 sui.
1241 2939 1373 2972 Amen.
