2096 3481
844 300 982 335 ANNO
1009 300 1094 334 1525
1743 299 1808 332 415

205 412 482 449 Rosemundus.
509 413 617 446 Bona
639 412 767 450 verba,
787 413 839 445 mi
862 413 1032 447 ‚Ioannes
1058 421 1067 445 ε
1094 410 1274 453 quicquid
1298 410 1399 443 enim
1422 410 1597 453 facimus,
1624 409 1680 444 tui
1704 410 1809 444 certe

161 470 287 503 studio
304 469 479 508 facimus,
498 471 540 502 ut
557 469 594 502 te
611 478 633 501 a
650 470 756 501 recta
771 469 832 501 via
849 469 999 501 devium
1017 468 1062 501 ab
1081 476 1214 501 errore
1231 475 1465 500 revocemus.

212 523 431 559 Wordenas.
451 525 494 558 Id
512 525 636 558 exitus
655 523 919 557 declaraverit.

204 580 421 614 Montanus.
438 580 644 622 Responde
670 579 716 612 ad
741 580 1007 622 argumentum
1033 578 1176 612 domini
1201 578 1377 620 magistri
1399 577 1520 610 nostri
1538 578 1584 611 de
1602 578 1747 611 variata
1764 578 1809 611 ab

158 634 354 677 Apostolis
370 635 588 677 baptizandi
605 634 782 668 formula.

210 690 431 725 Wordenas.
452 691 701 732 Baptizabant
717 690 774 723 illi
792 690 830 723 in
849 690 1002 723 nomine
1020 690 1248 732 praesertim
1265 689 1372 728 Jesu,
1391 690 1432 722 ut
1450 690 1513 730 qui
1538 699 1671 732 parum
1698 692 1808 724 notus

158 747 196 779 et
213 746 380 779 nondum
397 747 574 788 receptus
593 748 674 779 erat
695 746 872 779 Servator
889 746 1033 783 mundi,
1052 746 1173 788 magis
1193 746 1306 786 atque
1323 745 1445 787 magis
1463 747 1807 780 commendaretur.

158 801 256 840 Quid
277 810 392 844 porro
418 805 476 835 est
499 802 692 844 baptizare
711 801 759 843 (l)
777 802 815 834 in
834 801 986 834 nomine
1003 800 1110 838 Jesu‚
1131 801 1194 842 qui
1212 801 1315 834 Deus
1340 801 1424 834 erat
1446 801 1593 842 pariter
1617 803 1655 834 et
1680 801 1807 840 homo,

157 857 231 889 nisi
253 857 419 895 nomine,
438 857 511 889 hoc
535 858 593 891 est
616 857 757 890 virtute
778 857 916 896 Patris,
935 856 1025 890 Filii
1050 857 1088 889 et
1113 856 1276 898 Spiritus
1294 856 1415 889 sancti
1433 856 1608 899 tingere?
1625 857 1708 890 Nisi
1732 867 1807 890 non

156 921 246 946 vere
260 913 356 946 dixit
369 912 541 946 Christus
556 923 563 945 :
580 927 595 939 u
608 913 690 955 Ego
706 914 743 946 et
757 912 873 945 Pater
886 922 1001 945 unum
1017 913 1166 944 sumus?
1179 927 1194 940 ε’
1209 913 1246 945 01
1259 912 1371 945 item:
1390 924 1405 938 ιε
1422 911 1613 954 Philippe‚
1628 913 1691 954 qui
1705 914 1808 946 videt

157 977 230 1005 me,
249 968 353 1002 videt
369 970 407 1002 et
425 969 579 1002 Patrem
594 970 652 1010 (2).
672 984 687 997 η
707 968 829 1006 Quid?
847 977 892 1001 an
911 968 942 1000 is
961 968 1089 1000 statim
1104 967 1197 999 mihi
1212 969 1328 1010 negat
1341 967 1422 1009 Filij
1443 976 1485 1000 ac
1503 968 1668 1010 Spiritus
1686 969 1808 1001 sancti

157 1033 354 1065 personas,
374 1024 438 1065 qui
456 1024 576 1057 Deum
598 1023 791 1066 Optimum
809 1024 1016 1056 Maximum
1035 1023 1115 1055 solo
1135 1023 1261 1055 Patris
1287 1023 1439 1056 nomine
1465 1023 1686 1065 compellat?
1711 1024 1807 1057 Tum

159 1078 331 1112 Christus
356 1081 438 1121 ipse
463 1089 665 1121 perperam
692 1090 759 1112 nos
786 1080 913 1112 docuit
938 1088 1061 1115 orare,
1082 1079 1158 1119 qui,
1179 1088 1244 1111 suo
1264 1079 1416 1111 nomine
1441 1088 1659 1120 suppresso,
1678 1089 1808 1121 preca-

158 1135 300 1168 tionem
319 1145 340 1168 a
358 1135 485 1168 Patris
510 1136 839 1168 commendatione
865 1136 923 1168 cst
948 1134 1176 1176 auspicatus.
1197 1134 1304 1171 Quod
1331 1134 1376 1166 ad
1402 1134 1575 1176 tingendi
1600 1136 1761 1167 formam
1788 1144 1809 1167 a

158 1190 307 1224 Christo
337 1191 551 1224 institutam
577 1192 727 1227 attinet,
759 1201 841 1224 eam
871 1191 979 1223 nobis
1009 1200 1082 1222 non
1113 1190 1150 1221 in
1180 1189 1251 1221 1100
1280 1191 1355 1222 tam
1384 1189 1567 1232 religiose
1594 1191 1806 1232 proposuit,

157 1247 265 1287 quasi
281 1246 473 1288 piaculum
491 1247 539 1279 sit
558 1257 578 1279 a
594 1247 842 1288 praescriptis
861 1246 987 1278 verbis
1005 1245 1063 1278 vel
1082 1245 1277 1287 paululum
1296 1246 1513 1283 recessisse,
1534 1246 1682 1286 quando
1702 1247 1747 1279 de
1765 1255 1807 1279 re

155 1311 225 1343 per
257 1303 383 1334 omnia
411 1303 622 1335 conveniat.
651 1302 846 1343 Siquidem
877 1315 891 1328 ‘a
918 1311 1079 1343 regnum
1106 1301 1176 1333 Dei
1202 1310 1276 1332 non
1303 1302 1360 1333 est
1384 1301 1422 1332 in
1449 1310 1637 1339 sermone,
1668 1302 1733 1334 sed
1767 1303 1805 1334 in

155 1357 296 1390 virtute
314 1358 373 1399 (3).
403 1374 418 1386 w
445 1358 488 1390 In
519 1359 670 1390 1101111110
696 1367 810 1399 porro
837 1358 976 1393 Patris,
1005 1356 1089 1398 Filij
1118 1358 1155 1389 et
1180 1356 1344 1397 Spiritus
1370 1357 1491 1389 sancti
1517 1367 1625 1390 nemo
1651 1367 1693 1390 re
1718 1367 1809 1390 vera

157 1413 368 1454 baptizatur
396 1423 523 1446 coram
553 1414 644 1454 Deo,
675 1414 747 1446 nisi
777 1414 841 1454 qui
869 1413 1010 1445 virtute
1038 1412 1122 1445 Dei.
1153 1412 1331 1444 unctione
1358 1412 1521 1453 Spiritus
1555 1412 1745 1446 delibutus
1771 1414 1809 1446 ct

156 1470 329 1511 expiatus
358 1472 612 1512 regeneratur
640 1470 848 1503 secundum
877 1469 1070 1501 internum
1096 1467 1303 1500 hominem.
1322 1468 1516 1510 Apicibus,
1544 1468 1744 1502 elementis
1770 1470 1808 1502 et

156 1526 404 1567 praescriptis
422 1526 547 1558 verbis
567 1526 688 1557 nostri
706 1525 961 1557 initiationem
986 1534 1060 1556 non
1087 1525 1163 1556 tam
1188 1524 1382 1560 debemus,
1408 1533 1518 1565 quam
1543 1525 1675 1557 virtuti
1700 1534 1808 1567 rege-

156 1581 317 1619 neranti,
346 1582 384 1614 et
410 1581 570 1614 meliore
600 1581 736 1623 spiritu
766 1581 960 1613 imbuente
989 1580 1136 1612 mentes
1165 1580 1314 1612 nostras
1332 1580 1370 1611 in
1400 1579 1471 1612 1100
1499 1581 1805 1622 regenerationis

154 1635 317 1669 lavacro.
352 1636 577 1677 Quanquam
611 1637 694 1678 quis
726 1636 820 1668 mihi
853 1636 1008 1678 negabit
1039 1634 1243 1677 Apostolos
1277 1645 1351 1668 non
1385 1636 1500 1669 etiam
1527 1637 1566 1669 in
1600 1637 1726 1669 Patris
1764 1646 1807 1670 ac

156 1691 319 1733 Spiritus
334 1692 454 1725 sancti
468 1693 621 1725 nomine
636 1693 795 1725 tinxisse
813 1691 1053 1731 christianos,
1067 1701 1160 1732 quos
1174 1690 1295 1724 Lucas
1309 1693 1582 1725 commemorat
1595 1692 1633 1725 in
1652 1693 1805 1726 nomine

156 1747 308 1788 quidem
324 1748 430 1786 JeSU,
457 1748 523 1781 sed
541 1758 614 1781 non
635 1747 729 1785 solo,
748 1748 957 1789 baptizatos
974 1748 1114 1780 fuisse?

199 1802 327 1836 Bucho
338 1804 399 1846 (4).
416 1805 501 1837 Non
516 1813 609 1846 opus
627 1805 685 1837 est
702 1806 778 1837 tam
794 1803 944 1846 prolixa
961 1803 1230 1845 disputatione3
1247 1805 1441 1837 caeterum
1455 1803 1527 1837 1100
1540 1804 1651 1837 modo
1669 1806 1806 1847 rogant

155 1859 300 1892 domini
326 1859 586 1901 inquisitores
606 1861 648 1892 ut
664 1861 831 1892 mentem
849 1868 982 1892 eorum
1000 1859 1105 1892 recte
1123 1859 1304 1901 accipias3
1331 1860 1517 1901 numquid
1538 1860 1684 1899 credas,
1704 1861 1805 1902 quod

155 1924 264 1948 sacra
279 1914 476 1957 Scriptura
494 1925 569 1948 non
587 1916 636 1948 sit
654 1916 882 1957 expressus?

207 1970 422 2020 Wprdenas.
441 1970 560 2009 Nihil,
583 1980 629 2004 ne
647 1971 726 2003 iota
743 1971 911 2012 quidem.

198 2026 414 2060 Montanus.
430 2027 546 2060 Nefas
559 2027 679 2070 igitur
693 2035 826 2060 censes
844 2027 954 2059 extra
970 2026 1205 2068 Scripturam
1223 2027 1425 2068 quicquam
1441 2027 1673 2062 credidisse?

206 2078 422 2113 Wordenas.
453 2080 538 2113 Non
571 2080 685 2113 credo
716 2079 805 2112 ullis
843 2079 1043 2121 scripturis
1075 2080 1345 2121 praeterquam
1378 2081 1509 2122 sacris,
1542 2082 1722 2122 tanquam
1757 2080 1804 2115 ad

155 2134 362 2169 salutarem
380 2136 591 2169 doctrinam
607 2136 696 2169 inde
714 2135 965 2168 hauriendam
983 2136 1222 2168 necessariis.

199 2188 340 2224 Bucho.
360 2190 485 2228 Quare
502 2199 594 2234 ergo
614 2191 709 2223 dixit
726 2190 899 2223 Christus
916 2200 923 2222 :
945 2203 960 2216 ιι
981 2189 1053 2228 Qui
1069 2199 1135 2222 vos
1153 2191 1272 2228 audit,
1291 2200 1352 2224 me
1369 2190 1474 2223 audit
1489 2191 1561 2233 (5)2
1580 2206 1596 2220 „

207 2245 428 2280 Wordenas.
445 2247 566 2280 Recte
592 2247 664 2279 hoc
688 2246 765 2279 illis
791 2247 933 2278 dictum
959 2247 1028 2283 est,
1055 2246 1120 2286 qui
1145 2245 1422 2288 ablegabantur
1444 2247 1482 2279 in
1508 2256 1668 2280 messem
1684 2247 1804 2281 Evan-

155 2301 319 2345 gelicam
345 2311 353 2335 τ
379 2302 575 2345 Evangelij
607 2302 788 2335 nimirum
812 2310 1035 2343 praeconeS‚
1065 2311 1135 2334 ceu
1164 2301 1337 2334 Christus
1367 2302 1462 2344 ipse,
1493 2304 1581 2335 sunt
1609 2303 1801 2336 audiendi.

155 2357 212 2391 De
232 2357 307 2390 illis
332 2358 433 2391 enim
458 2358 620 2393 dicitur:
642 2371 657 2385 u
674 2358 759 2390 Non
776 2367 842 2389 vos
867 2357 958 2390 estis
983 2357 1047 2398 qui
1071 2356 1287 2398 loquimini,
1307 2358 1373 2390 sed
1391 2358 1549 2399 spiritus
1576 2358 1703 2391 Patris
1727 2359 1804 2393 11101

156 2413 219 2454 qui
237 2413 407 2455 loquitur
424 2414 462 2446 in
480 2414 600 2446 vobis.
622 2429 637 2442 „
659 2413 766 2451 Quod
785 2413 816 2445 si
833 2422 899 2445 vos
924 2413 1058 2445 eodem
1083 2412 1258 2454 exemplo
1276 2413 1527 2447 mitteremini
1545 2423 1566 2446 a
1583 2414 1746 2446 Domino
1764 2415 1803 2446 in

154 2469 409 2502 ministerium
425 2469 663 2511 propagandi
689 2468 902 2511 Evangelij‚
921 2467 1025 2501 velut
1050 2468 1138 2510 agni
1156 2468 1257 2501 inter
1281 2467 1404 2510 lupos,
1433 2468 1528 2501 nihil
1554 2478 1804 2511 gravaremur

155 2534 220 2558 vos
249 2533 398 2566 quoque
423 2525 567 2563 audire,
588 2525 663 2557 imo
689 2534 755 2557 vos
784 2533 853 2566 pro
883 2523 1030 2566 angelis
1056 2523 1128 2556 Dei
1157 2523 1273 2556 simus
1299 2523 1481 2556 habituri.
1511 2524 1634 2557 Porro
1661 2526 1802 2563 autem,

156 2580 333 2621 quoniam
359 2581 531 2614 Caesaris
558 2581 596 2613 ct
621 2580 819 2613 Pontificis
844 2578 1009 2612 Romani
1035 2578 1252 2620 diplomatis
1278 2580 1415 2612 muniti
1432 2579 1505 2612 huc
1529 2580 1701 2617 venistis,
1728 2590 1803 2613 non

156 2636 203 2669 ad
220 2636 460 2679 servandum,
487 2636 555 2670 sed
580 2636 816 2678 perdendum
842 2644 923 2672 nos,
942 2634 1138 2668 hominum
1164 2635 1288 2675 nobis,
1306 2644 1381 2668 non
1399 2634 1541 2668 Christi
1557 2635 1664 2674 Jesu‚
1683 2635 1804 2679 legati

202 2798 249 2840 (1)
274 2798 320 2833 In
343 2800 516 2842 marqine
535 2806 542 2831 t
562 2798 615 2832 De
631 2796 811 2840 baptismi
829 2795 1005 2831 formula.

201 2854 248 2896 (2)
340 2854 446 2888 Idem
539 2863 546 2887 ε
564 2854 737 2891 Joannis,
759 2854 811 2886 10.

201 2910 249 2952 (3)
339 2910 446 2944 Idem
539 2918 546 2942 :
566 2910 697 2943 Prima
714 2910 760 2942 ad
778 2907 1034 2948 Corinthinos,
1053 2907 1086 2942 4.

201 2965 249 3007 (4)
339 2965 446 3000 Idem
538 2973 545 2998 :
567 2965 696 2998 Bucho
714 2965 883 2998 restituit
899 2964 1119 2998 inclinatam
1137 2963 1395 3007 sophistarum
1413 2963 1546 2998 aciem.

202 3020 249 3062 (5)
340 3020 447 3056 Idem
539 3030 549 3055 ε
568 3021 706 3059 Lucae,
726 3019 780 3054 10.
