2096 3481
333 257 397 289 ‘2013
933 257 939 265 '
1022 254 1158 288 ANNO
1185 255 1267 288 1593

332 367 536 410 broeders
566 366 698 409 hecht
715 364 774 420 hij
796 378 931 420 geene
951 365 1140 416 waarde‚
1168 377 1377 408 wanneer
1416 363 1491 407 het
1526 362 1770 406 verbrande
1787 363 1956 408 ketters

333 435 465 491 geldt.
493 436 550 476 Te
568 434 741 477 Brussel
763 433 881 476 heeft
906 447 998 476 men
1025 432 1147 475 zulks
1164 436 1233 476 ter
1255 431 1542 489 gelegenheid
1565 432 1642 474 der
1665 433 1957 489 Augustijnen

330 503 652 545 ondervonden.
680 503 791 544 Daar
808 501 890 544 ook
914 501 1139 544 beweerde
1178 516 1270 543 men
1298 499 1591 557 logenachtig,
1618 500 1690 543 dat
1713 501 1764 556 zij
1791 514 1843 555 op
1869 500 1952 543 den

330 571 608 627 brandstapel
630 571 778 612 hunne
803 569 1002 625 dolingen
1032 569 1203 614 hadden
1224 569 1519 625 afgezworen.

472 659 521 690 At
545 667 615 700 ego
641 657 879 690 Franciseani
905 656 1013 689 dictis
1039 656 1131 688 nihil
1157 655 1276 688 habeo
1304 657 1402 694 lidci,
1430 655 1653 697 praesertim
1679 664 1792 696 quum
1816 654 1887 688 hoc
1910 655 1960 688 sit

334 713 416 745 istis
433 712 600 751 solenne,
631 713 715 753 post
731 712 956 744 exstinctum
981 711 1170 744 hominem
1198 720 1378 753 spargere
1395 719 1582 752 rumores,
1599 710 1698 751 quod
1722 710 1758 742 in
1784 710 1958 743 incendio

334 768 513 800 cecinerit
544 766 785 808 palinodiam,
820 776 892 807 quo
925 765 1035 798 simul
1064 767 1102 798 et
1132 766 1340 799 vindicatae
1368 765 1567 808 religionis
1603 765 1751 798 laudem
1786 765 1962 798 auferant

332 824 370 855 et
398 821 650 854 multitudinis
681 821 859 853 invidiam
892 820 1176 861 calumniaeque
1209 820 1460 861 suspicionem
1493 820 1686 862 effugiant.
1721 819 1816 852 Nam
1847 828 1960 860 quum

334 876 535 909 Bruxellae
552 877 739 918 primitias
768 875 1036 913 immolassent,
1055 875 1197 908 exustis
1222 875 1366 907 duobus
1394 874 1587 907 monachis
1615 874 1958 916 augustinensibus,

334 932 446 964 tertio
472 932 508 963 in
534 940 684 963 carcere
709 931 863 963 reducto
892 932 929 963 et
953 929 1047 962 clam
1073 930 1285 967 interfecto,
1312 939 1424 970 quum
1450 929 1545 962 mira
1569 929 1779 961 constantia
1801 930 1961 961 mortem

331 987 575 1027 oppetissent,
606 995 700 1026 quae
718 994 778 1017 res
801 985 989 1026 judicibus
1007 993 1159 1026 gravem
1176 984 1349 1016 movebat
1374 984 1564 1022 invidiam,
1584 985 1804 1026 sparserunt
1827 983 1963 1016 ridicu·

328 1040 403 1073 lam
431 1039 606 1078 fabulam,
638 1049 751 1072 unum
780 1048 825 1072 ex
850 1038 925 1071 illis
955 1039 1172 1080 apparuisse
1201 1038 1349 1070 cuidam
1374 1038 1649 1080 augustinensi,
1680 1038 1744 1079 qui
1768 1038 1963 1070 nuntiaret

331 1096 474 1127 animas
491 1094 641 1126 illorum
656 1103 738 1126 esse
757 1092 976 1130 incolumes,
997 1093 1094 1133 quod
1108 1093 1145 1124 in
1164 1093 1343 1125 extremis
1360 1093 1621 1133 resipuissent,
1636 1091 1815 1125 videlicet
1829 1093 1906 1133 jam
1922 1092 1962 1124 in

330 1151 411 1191 ipso
429 1150 621 1187 incendio;
651 1149 762 1188 idque
791 1149 930 1179 factum
955 1147 1129 1188 precibus
1143 1147 1311 1188 Virginis
1336 1147 1478 1179 matris.
1507 1147 1602 1179 Nam
1627 1148 1665 1180 et
1687 1147 1808 1188 pridie
1832 1147 1964 1180 visita-

329 1205 442 1237 tionis
459 1204 579 1236 exusti
598 1204 695 1241 sunt,
711 1204 748 1235 et
765 1202 942 1235 Nicolaus
959 1201 1153 1234 carmelita
1166 1211 1301 1243 magno
1320 1202 1444 1234 studio
1462 1202 1689 1234 sacrificium
1706 1202 1777 1234 hoc
1790 1210 1964 1243 procura-

329 1261 398 1292 rat.
413 1259 583 1301 Rogatus
601 1258 769 1290 carnifex
794 1266 948 1298 ecquam
962 1257 1217 1298 poenitentiae
1240 1266 1369 1289 vocem
1387 1257 1594 1289 edidissent
1606 1257 1645 1289 in
1662 1265 1770 1299 r0g0,
1790 1257 1961 1299 negavit3

331 1315 398 1347 sed
422 1323 534 1354 quum
553 1314 780 1345 ducerentur
808 1313 852 1344 ad
869 1311 1008 1353 palum,
1028 1311 1129 1343 clara
1146 1320 1235 1344 voce
1253 1312 1379 1344 testati
1398 1313 1484 1343 sunt
1501 1321 1540 1344 se
1557 1312 1654 1343 mori
1671 1311 1908 1350 christianos,
1927 1312 1965 1344 et

332 1367 478 1408 alligati
494 1365 592 1408 palo,
620 1366 768 1398 admoto
786 1365 886 1407 igne,
905 1374 1042 1397 canere
1059 1366 1254 1405 coeperunt
1272 1364 1483 1406 symbolum
1501 1365 1601 1403 fidei,
1620 1374 1706 1397 mox
1724 1364 1964 1408 doxologiam

341 1421 388 1455 Te
405 1420 521 1454 Deum
536 1420 746 1457 laudamus,
763 1420 879 1452 donec
894 1420 1042 1451 flamma
1055 1425 1182 1451 vocem
1200 1418 1482 1452 intercluderet.

683 1486 873 1522 Erasmus,
903 1485 1020 1528 Opera
1037 1485 1174 1522 omnia,
1195 1484 1277 1517 deel
1291 1484 1360 1522 III,
1378 1494 1467 1526 pars
1483 1485 1685 1526 posterior,
1711 1485 1780 1518 blz.
1808 1485 1906 1518 1207.
1921 1503 1965 1509 -—

725 1540 768 1573 In
788 1541 900 1572 (lezen
916 1539 1052 1582 langen
1067 1540 1164 1572 brief
1178 1539 1380 1580 hespreekt
1393 1539 1443 1581 hij
1464 1540 1509 1572 de
1522 1540 1776 1583 verbranding
1789 1541 1826 1573 te
1842 1541 1964 1582 Parijs

724 1604 793 1627 van
809 1595 879 1627 den
897 1594 1023 1627 ketter
1039 1594 1234 1635 Lodewijk
1250 1603 1319 1626 van
1338 1595 1517 1635 Berquin.
1536 1595 1615 1636 Zijn
1628 1594 1768 1628 besluit
1784 1595 1815 1627 is
1830 1605 1838 1627 :
1860 1609 1872 1624 ι
1893 1595 1964 1634 Qui

722 1650 753 1681 si
768 1650 928 1682 decessit
945 1659 1028 1681 cum
1042 1649 1141 1681 bona
1153 1649 1394 1687 conscientia,
1411 1650 1511 1690 quod
1525 1650 1722 1682 admodum
1737 1658 1859 1691 spero,
1876 1650 1965 1691 quid

725 1714 769 1737 eo
794 1704 962 1736 felicius?
987 1704 1178 1741 Damnari‚
1198 1704 1391 1742 dissecari,
1418 1705 1608 1745 suspendi,
1638 1705 1758 1743 exuri,
1785 1704 1965 1737 decollari

725 1759 797 1800 piis
815 1769 898 1791 cum
915 1759 1040 1800 impiis
1059 1760 1144 1790 sunt
1158 1759 1381 1791 communia.
1399 1759 1598 1797 Damnare,
1614 1759 1814 1798 dissecare,
1832 1760 1870 1792 in
1888 1768 1967 1792 cru-

725 1823 805 1846 cem
823 1822 948 1855 agere,
969 1822 1139 1851 exurere,
1157 1813 1344 1846 decollare
1361 1814 1469 1846 bonis
1481 1814 1670 1855 judicibus
1687 1823 1770 1846 cum
1783 1814 1915 1855 piratis
1929 1815 1966 1847 et

726 1868 897 1910 tyrannis
914 1868 1125 1900 communia
1142 1870 1239 1900 sunt.
1266 1868 1380 1900 Varia
1403 1870 1489 1900 sunt
1513 1868 1706 1901 hominum
1718 1869 1869 1910 judicia.
1895 1868 1965 1901 Ille

723 1923 816 1956 felix
838 1916 918 1963 'qui,
943 1923 1068 1964 judice
1098 1923 1189 1958 Deo.
1210 1922 1428 1955 absolvitur.
1451 1936 1466 1952 ι
1491 1941 1534 1946 -
1551 1923 1637 1956 Men
1655 1923 1708 1956 zal
1734 1923 1807 1956 ook
1825 1932 1967 1964 opmer-

726 1978 812 2016 ken,
840 1978 903 2009 dat
926 1977 1115 2015 Erasmus,
1143 1978 1202 2009 die
1227 1977 1292 2009 het
1319 1978 1440 2010 weten
1466 1977 1554 2016 kon,
1586 1978 1624 2010 in
1654 1977 1738 2010 1529
1761 1977 1963 2016 verklaart,

729 2033 792 2064 dat
816 2032 861 2064 de
887 2032 1001 2064 derde
1026 2032 1215 2074 augustijn
1233 2031 1426 2075 (Lambert
1444 2031 1610 2073 Thoren)
1626 2033 1664 2064 in
1680 2032 1801 2073 zijnen
1825 2032 1966 2065 kerker

727 2087 875 2129 gedood
891 2087 994 2119 werd
1007 2087 1123 2127 (tertio
1137 2087 1179 2119 in
1191 2095 1334 2119 carcere
1346 2086 1494 2120 reducto
1511 2090 1544 2119 et
1561 2086 1657 2120 clam
1673 2087 1887 2131 interfecto).
1902 2087 1966 2120 zie

727 2142 863 2174 verder
876 2151 943 2173 ons
962 2140 1048 2173 stuk
1068 2150 1113 2182 op
1133 2141 1259 2174 datum
1277 2150 1347 2174 van
1367 2141 1406 2174 15
1424 2141 1644 2183 September
1663 2141 1757 2175 1528.

1081 2280 1179 2327 14¹7
1189 2316 1197 2325 .

411 2419 549 2464 1523,
606 2414 719 2455 vo'o‘r
756 2412 861 2455 Julz·
909 2417 952 2464 7,
999 2412 1281 2468 Pz'jnakker,
1356 2412 1661 2469 Waterz'nyen
1713 2425 1771 2456 en
1814 2413 1958 2467 Delfi.

340 2484 579 2528 Uittreksel
614 2484 677 2527 uit
715 2484 766 2526 de
813 2483 1082 2539 rekeningen
1124 2497 1207 2526 van
1242 2483 1273 2526 't
1296 2482 1385 2526 Hof
1413 2497 1495 2526 van
1543 2483 1730 2527 Holland
1768 2497 1875 2528 over
1910 2484 1962 2527 de

338 2553 596 2608 maatregels
642 2565 851 2608 genomen
903 2555 1031 2608 tegen
1072 2552 1153 2594 den
1197 2552 1346 2595 koster
1392 2552 1497 2594 Dirk
1551 2552 1770 2604 Wsslems,
1816 2552 1962 2596 Gerrit

339 2622 546 2664 Pietersz.
568 2620 620 2663 de
644 2620 783 2670 Licht‚
806 2620 1068 2677 Dollekyndt
1089 2634 1140 2662 en
1160 2620 1320 2664 andere
1338 2620 1620 2663 verdachten.

382 2707 450 2739 Die
483 2706 582 2739 selve
608 2705 840 2748 [Sebastiaen
870 2704 1038 2747 Claesz.],
1074 2705 1353 2746 deurwaerder,
1379 2705 1439 2737 die
1466 2705 1535 2736 mit
1561 2704 1694 2737 zekere
1724 2705 1963 2738 mandement

337 2761 606 2803 geexpedieert
622 2762 676 2792 tot
690 2759 895 2792 versoucke
909 2760 1053 2792 vanden
1067 2768 1276 2800 procureur
1293 2759 1470 2802 generael
1484 2760 1637 2802 gereyst
1647 2759 1681 2800 js
1698 2760 1754 2791 tot
1769 2759 1961 2802 Pynackel

339 2816 433 2848 ende
451 2814 700 2857 gedachvaert
728 2813 846 2847 Dirck
869 2813 1074 2847 Willemsz.
1097 2815 1235 2851 coster,
1266 2823 1312 2856 op
1340 2823 1462 2856 peyne
1486 2822 1556 2846 van
1574 2814 1694 2846 banne
1722 2814 1817 2847 ende
1833 2814 1963 2846 confis-

340 2870 464 2910 quatie
488 2878 558 2902 van
581 2878 648 2910 zyn
677 2869 823 2911 goeden
851 2869 946 2901 ende
969 2869 1028 2901 die
1052 2867 1153 2901 zelve
1181 2869 1326 2911 goeden
1351 2869 1615 2911 geannoteert;
1645 2868 1739 2901 ende
1769 2868 1803 2910 J's
1833 2870 1960 2901 voorts

341 2926 492 2967 gereyst
508 2926 563 2956 tot
575 2923 797 2966 VVateringe
814 2924 909 2956 ende
927 2923 1054 2956 aldaer
1070 2923 1323 2965 gedachvaert
1339 2924 1456 2966 Geryt
1479 2923 1658 2956 Pietersz.
1677 2921 1769 2955 alias
1783 2923 1828 2956 de
1851 2923 1961 2956 Licht
