2096 3481
368 250 428 280 422
1051 243 1187 277 ANNO
1214 243 1297 276 1525

408 357 617 389 Montanus.
645 356 739 393 Quid
767 364 880 397 porro
910 363 1025 397 negas
1055 355 1154 396 quod
1182 354 1219 386 in
1249 363 1313 387 ore
1342 355 1399 387 est
1428 354 1529 386 omni
1557 354 1710 396 populo,
1736 355 1774 388 et
1796 354 1855 389 vel
1880 355 1984 390 mille

365 412 533 447 testibus.
553 412 583 443 si
601 412 649 444 sit
666 421 770 453 opus,
790 411 941 453 probari
959 411 1100 452 possit?

416 465 629 499 Wordenas.
649 466 687 499 Si
705 476 796 507 quos
813 466 977 507 coniugij
998 466 1071 498 mei
1089 466 1204 498 testes
1222 465 1380 503 habetis,
1400 474 1531 498 eorum
1549 465 1708 498 edantur
1726 466 1890 500 nomina.

408 521 618 554 Montanus.
637 520 716 554 Imo
734 530 779 553 ex
797 520 877 553 sola
892 521 1004 558 fama,
1023 521 1054 552 si
1071 521 1185 552 testes
1209 520 1471 553 desiderentur
1488 520 1662 558 maxime,
1682 521 1888 554 secundum
1904 521 1988 554 iura

367 579 494 608 nostra
517 576 696 608 canonica
720 575 961 608 condemnari
986 575 1128 616 poteris
1145 575 1206 616 (l),
1225 583 1438 616 quanquam
1462 576 1538 607 tam
1562 574 1770 616 locupletes
1796 575 1908 608 huius
1930 575 1988 608 rei

367 632 480 663 testes
497 633 583 663 sunt
600 631 718 667 nobis,
738 632 789 667 ut,
809 630 885 663 sive
903 630 993 666 aias,
1013 630 1089 662 sive
1107 638 1235 672 neges,
1250 629 1402 662 illorum
1419 630 1508 662 freti
1527 630 1766 671 testimonijs‚
1782 630 1934 673 ignibus
1951 631 1987 664 te

367 686 515 726 quidem
534 686 649 717 simus
666 685 950 717 condemnaturi
965 685 1024 725 (2).

416 739 631 773 H'ordenas.
651 739 689 773 Si
706 739 777 772 hoc
794 740 897 772 vobis
915 739 1106 772 decretum
1124 740 1208 775 stat,
1236 739 1323 780 quid
1349 749 1442 780 opus
1465 738 1612 772 habetis
1636 739 1705 772 hac
1731 739 1988 781 inquisitione,

366 796 454 836 quin
483 804 541 828 me
573 795 618 827 ad
650 794 776 836 palum
808 795 1084 835 quamprimum
1114 794 1258 835 rapitis,
1289 795 1330 826 ut
1360 793 1555 827 libidinem
1588 795 1751 827 vestram
1783 794 1990 837 expleatis?

365 850 556 891 Siquidem
574 850 806 892 sanguinarii
825 850 914 882 estis
932 851 969 882 et
986 850 1093 891 ignes
1112 849 1277 890 spiratis.

408 906 610 938 Montanus
626 905 685 946 (3).
706 905 786 937 Hoc
803 914 873 947 ego
891 904 1066 946 praedico
1085 904 1165 941 tibi,
1185 904 1215 936 si
1232 904 1460 945 perrexeriS,
1479 905 1520 936 ut
1537 904 1707 946 coepisti,
1727 904 1989 947 tergiversari,

365 961 459 993 dura
482 961 518 993 te
543 960 738 1001 questione
763 959 1043 1002 aggrediemur,
1063 960 1115 996 ut,
1135 959 1166 991 si
1192 958 1288 991 nolis
1313 960 1459 1000 sponte,
1478 958 1535 992 vel
1554 959 1589 991 vi
1614 960 1765 992 coactus
1789 959 1989 1003 coniugem

365 1016 401 1048 te
417 1017 573 1049 fateare.

416 1070 631 1104 Wordenas.
650 1070 768 1107 Itane,
787 1071 942 1109 iudices,
962 1070 1075 1102 nullis
1092 1069 1303 1102 convictum
1320 1070 1478 1102 testibus
1504 1070 1715 1111 quaestioni
1740 1069 1990 1104 adhibebitis?

365 1126 422 1158 An
447 1126 643 1166 quisquam
668 1126 818 1158 tenetur
838 1125 1000 1166 prodere
1017 1125 1203 1165 seipsum?
1216 1124 1391 1165 Iniquum
1408 1125 1465 1157 cst
1482 1126 1522 1157 ut
1538 1134 1603 1157 vos
1621 1125 1796 1166 experiar
1812 1125 1989 1163 tortores,

366 1184 429 1224 qui
446 1184 538 1216 mihi
555 1183 643 1216 fidei
661 1183 904 1224 inquisitores
922 1183 1109 1224 designati
1125 1182 1228 1214 estis.

409 1239 620 1272 Montanum
640 1238 811 1271 Primum
828 1237 1014 1279 parochus
1030 1238 1155 1270 vester
1179 1237 1338 1270 testatur
1363 1238 1399 1270 te
1423 1237 1602 1270 maritum
1619 1247 1701 1271 esse
1721 1247 1728 1270 :
1749 1247 1821 1279 quo
1839 1238 1990 1272 nomine

365 1294 402 1326 et
431 1294 469 1326 te
501 1294 545 1325 ad
583 1292 706 1326 aulam
738 1291 1049 1325 Mechliniensem
1081 1291 1232 1333 detulit3
1268 1291 1403 1324 deinde
1435 1293 1535 1324 fama
1565 1292 1716 1334 publica
1753 1302 1834 1326 rem
1870 1293 1990 1335 ipsam

364 1349 572 1381 confirmat.
593 1348 715 1387 Quare
732 1348 822 1380 satis
839 1347 1019 1380 habemus
1036 1347 1328 1385 informationis,
1354 1348 1396 1378 ut
1421 1348 1456 1379 te
1482 1348 1702 1388 quaestione
1727 1347 1982 1390 exploremus

413 1403 630 1437 Worclenas.
657 1403 695 1436 Si
720 1403 773 1435 sic
796 1402 910 1435 habet
934 1403 1145 1434 vinetorum
1172 1411 1294 1439 causa,
1321 1411 1483 1443 pronum
1508 1403 1581 1435 erit
1605 1403 1748 1435 duobus
1777 1403 1841 1436 aut
1868 1403 1988 1436 tribus

363 1458 698 1491 calumniatoribus
722 1457 838 1490 falsos
864 1466 1037 1490 rumores
1067 1457 1112 1489 de
1141 1457 1352 1490 insontibus
1381 1466 1561 1499 spargere
1588 1467 1596 1489 :
1626 1458 1760 1499 quibus
1787 1458 1817 1491 si
1845 1459 1988 1491 temere

364 1513 547 1546 habeatur
564 1513 669 1550 fides,
688 1513 791 1546 ilicet
807 1514 930 1545 actum
948 1513 1021 1545 erit
1038 1513 1083 1545 de
1101 1514 1230 1544 nostra
1245 1513 1332 1545 vita.
1354 1513 1553 1545 Caeterum
1569 1514 1783 1546 accersatur
1805 1513 1987 1547 ecclesiae

365 1569 516 1601 nostrae
532 1570 672 1610 pastor,
691 1569 731 1601 ut
748 1568 972 1601 testificetur
988 1576 1126 1606 coram,
1146 1568 1175 1599 si
1193 1567 1286 1599 mihi
1304 1568 1413 1600 ducta
1430 1568 1478 1600 sit
1495 1577 1602 1600 uxor.

407 1623 619 1657 Montanus.
639 1623 783 1656 Scimus
801 1623 869 1655 tibi
887 1631 1044 1656 uxorem
1062 1632 1143 1655 esse
1163 1623 1324 1655 ductam.

414 1678 631 1712 {Vordenaa
659 1678 701 1711 In
732 1687 891 1719 quanam
920 1678 1077 1711 ecelesia
1104 1679 1140 1711 et
1168 1686 1294 1710 coram
1322 1675 1469 1719 (Quibus,
1500 1679 1702 1719 quandoid
1719 1679 1859 1712 factum
1884 1688 1986 1713 acce-

361 1734 494 1775 pistis?

405 1788 617 1822 Montanus.
636 1789 719 1821 Non
738 1788 890 1821 omnino
907 1797 1043 1821 vanum
1060 1789 1116 1821 cst
1134 1789 1197 1820 aut
1213 1787 1350 1821 falsum
1368 1789 1467 1829 quod
1483 1789 1583 1821 fama
1598 1789 1686 1821 fert.

411 1843 630 1877 Wordenas.
649 1843 729 1876 Nae
753 1853 818 1876 vos
842 1844 961 1884 iniqui
986 1844 1023 1875 in
1049 1852 1108 1876 me
1132 1844 1275 1876 iudices
1300 1843 1402 1880 estis,
1422 1844 1485 1884 qui
1509 1852 1555 1876 ex
1580 1843 1661 1876 sola
1681 1844 1783 1877 fama
1803 1844 1984 1879 bimestre

361 1900 479 1931 totum
507 1899 545 1931 in
573 1907 725 1931 carcere
753 1907 812 1931 me
841 1899 1068 1931 detinuistis.
1096 1898 1134 1931 Si
1158 1899 1250 1930 satis
1279 1898 1336 1931 est
1357 1898 1461 1930 vobis
1486 1899 1628 1931 auritos
1653 1899 1829 1932 habuisse
1854 1901 1982 1938 testes,

360 1953 549 1986 oculatum
568 1953 723 1989 nullum,
740 1953 804 1991 ite,
825 1954 998 1986 damnate
1016 1963 1088 1990 me,
1103 1955 1144 1986 ut
1160 1953 1323 1986 carceris
1341 1953 1452 1986 huius
1477 1954 1600 1986 taedio
1625 1953 1826 1995 aliquando
1843 1955 1979 1993 solvar,

359 2010 397 2042 et
416 2018 481 2041 vos
498 2009 590 2041 mihi
607 2007 767 2050 amplius
784 2007 934 2041 molesti
952 2017 1033 2041 esse
1051 2009 1245 2041 desinatis.

403 2063 614 2097 Montanus.
644 2064 839 2097 Cunctatio
867 2064 939 2095 ista
963 2065 1027 2096 tua
1054 2065 1156 2096 certe
1186 2064 1253 2095 tibi
1281 2073 1355 2096 non
1382 2064 1581 2105 profuerit,
1611 2064 1701 2105 quin
1726 2065 1896 2097 nostrum
1923 2065 1981 2098 ius

359 2120 404 2151 ad
432 2120 641 2152 extremum
669 2127 787 2159 usquc
816 2119 1013 2151 adversum
1041 2119 1078 2151 te
1104 2127 1388 2160 persequemur.
1418 2118 1541 2156 Quare
1572 2120 1784 2161 praestaret
1800 2120 1859 2162 (4),
1889 2120 1927 2153 et
1959 2129 1980 2154 e

358 2175 475 2207 salute
516 2175 578 2206 tua
617 2175 728 2210 esset,
763 2174 803 2205 ut
834 2182 961 2205 rerum
994 2173 1161 2205 omnium
1196 2173 1336 2206 claram
1368 2174 1475 2206 nobis
1506 2174 1783 2208 confessionem
1814 2175 1980 2217 ingenue

357 2229 465 2262 dares
481 2239 488 2261 :
508 2230 560 2267 ut,
576 2229 607 2261 si
624 2229 660 2261 te
677 2227 884 2270 supplicem
903 2228 1010 2261 nobis
1028 2228 1260 2266 demittereS,
1279 2228 1426 2270 culpam
1444 2229 1677 2270 deprecatus,
1696 2230 1979 2263 misericordiae

356 2284 478 2316 sinum
496 2284 565 2316 tibi
582 2284 808 2325 aperiamus.
1220 2288 1224 2292 ’

404 2337 620 2372 Wordenas.
639 2339 735 2371 Novi
758 2338 1054 2371 fraudulentiam
1070 2339 1246 2377 vestram,
1265 2348 1338 2380 qua
1353 2348 1413 2372 me
1438 2340 1628 2381 captatum
1643 2339 1793 2373 venitis.
1815 2340 1978 2382 Tempus

355 2403 452 2426 nunc
470 2395 527 2427 est
545 2395 710 2426 vestrum
733 2395 917 2435 paratum,
933 2393 1196 2434 corpusculum
1213 2393 1285 2426 hoc
1303 2395 1454 2435 quidem
1478 2403 1603 2427 meum
1627 2395 1850 2428 comburere
1873 2396 1978 2436 pote-

354 2449 437 2480 ritis
454 2449 514 2489 (5),
541 2450 731 2481 caeterum
759 2448 921 2481 animam
945 2448 1041 2480 hanc
1069 2447 1244 2481 coelestis
1269 2449 1384 2481 Pater
1408 2449 1446 2481 in
1471 2458 1538 2481 sua
1568 2458 1680 2481 manu
1707 2451 1891 2491 perpetuo
1921 2451 1979 2483 est

354 2506 581 2536 servaturus.
601 2503 682 2541 Qua
698 2512 762 2544 spe
778 2504 912 2540 fretus,
931 2502 1024 2535 nihil
1044 2503 1182 2535 timebo
1200 2512 1221 2535 a
1236 2503 1333 2536 facie
1362 2513 1492 2537 eorum
1517 2504 1580 2544 qui
1604 2504 1698 2536 mihi
1715 2504 1813 2537 m-ale
1830 2504 1973 2538 volunt.

399 2557 523 2590 Bzzclco
537 2558 596 2596 (6).
625 2557 724 2595 Noli,
751 2566 902 2598 quaeso,
923 2558 971 2589 mi
987 2557 1167 2595 Joannes,
1186 2557 1351 2590 animum
1370 2559 1474 2591 tuum
1501 2559 1555 2590 sie
1580 2558 1781 2591 obfirmare
1799 2559 1976 2592 adversus

395 2680 442 2717 (l)
469 2678 511 2710 In
534 2680 707 2722 maryine
726 2689 733 2711 ε
754 2679 782 2712 O
800 2678 893 2716 iura,
913 2689 934 2711 0
952 2688 1127 2712 canones.

393 2734 439 2773 (2)
528 2731 632 2766 Idem
724 2744 731 2766 :
751 2734 861 2776 Ignes
878 2734 1023 2775 spirant
1039 2736 1076 2767 et
1092 2735 1225 2768 caedes
1242 2734 1414 2768 homines
1431 2735 1680 2778 sanguinarii.

392 2788 438 2827 (32³
529 2787 632 2821 Idem
724 2799 730 2820 :
751 2788 982 2831 Theologica
1001 2789 1147 2822 lenitas

391 2842 438 2882 (4)
528 2841 632 2876 Idem
724 2853 731 2875 ε
751 2843 890 2876 Dolosa
906 2843 1036 2885 vulpes
1054 2844 1267 2877 Montanus.

391 2896 438 2936 (5)
527 2896 632 2929 Idem
725 2908 731 2929 ε
753 2898 972 2931 Constantia
988 2900 1180 2941 martyris.

393 2950 440 2992 (6)
529 2951 634 2984 Idem
726 2962 732 2984 :
753 2953 803 2986 Ut
819 2952 1010 2986 blanditur
1027 2954 1251 2988 crocodilus.
