2096 3481
805 247 942 282 ANNO
970 247 1053 281 1520
1704 250 1744 282 31

110 356 175 390 sed
203 356 412 390 doctrinam
439 356 668 390 contrariam
695 355 906 389 catholicae
935 356 1023 389 fidei
1058 356 1248 389 inimicam
1281 357 1360 390 sive
1391 357 1650 391 seandalosam
1679 367 1744 392 seu

112 412 335 451 damnatam,
365 412 591 445 inmodicam
615 412 796 445 offensam
825 412 975 444 divinae
1003 412 1212 453 majestatis
1240 421 1283 445 ac
1311 412 1535 445 universalis
1563 412 1745 446 ecelesiae

111 468 150 500 et
173 467 261 500 fidei
288 466 496 500 catholicae
521 467 789 500 detrimentum
813 469 852 499 et
879 466 1096 500 scandalum
1127 467 1422 509 dogmatizantes
1447 467 1569 500 claves
1597 478 1745 510 quoque

111 521 292 555 ecclesiae
309 522 596 564 vilipendentes,
616 522 785 555 notorios
811 523 849 555 et
873 522 1086 563 pertinaces
1112 521 1336 560 haereticos,
1355 522 1485 554 eadem
1509 524 1744 562 auctoritate,

109 577 226 610 fuisse
243 578 282 609 et
297 586 379 610 esse
397 577 645 615 declarantes,
664 577 816 610 eosdem
843 578 883 609 ut
908 576 1002 609 tales
1027 576 1159 609 harum
1185 578 1284 610 serie
1301 578 1593 610 condemnamus
1618 579 1657 610 et
1680 587 1745 611 eos

110 640 178 673 pro
207 631 343 664 talibus
368 632 499 665 haberi
524 632 569 664 ab
598 632 771 664 omnibus
800 632 996 672 utriusque
1022 641 1134 664 sexus
1152 631 1292 666 Christi
1319 631 1493 664 fidelibus
1519 633 1746 673 supradictis

110 685 280 719 volumus
308 689 347 720 et
374 687 604 725 mandamus,
635 696 774 728 eosque
804 696 933 720 omnes
963 689 1001 719 et
1032 686 1215 729 singulos,
1243 687 1416 719 omnibus
1448 688 1677 728 supradictis
1709 690 1748 719 et

111 741 195 774 aliis
208 743 340 774 contra
357 742 451 775 tales
468 751 490 774 a
504 742 589 783 Jure
606 742 760 774 inflictis
778 742 912 783 poenis,
932 742 1188 783 praesentium
1206 744 1338 775 tenore
1355 742 1587 783 subjicimus,
1604 743 1745 776 eisdem

110 796 279 829 irretitos
296 797 413 830 fuisse
431 799 470 829 et
486 806 569 830 esse
587 797 826 829 decernimus
843 798 881 829 et
899 796 1146 830 declaramus.

152 852 176 892 g
193 851 244 884 12.
271 851 490 885 Inhibemus
516 853 716 893 praeterea
743 852 811 884 sub
837 852 1011 884 omnibns
1039 854 1077 884 et
1105 851 1266 894 singulis
1294 852 1512 894 praemissis
1541 853 1674 894 poenis,
1702 862 1746 885 eo

109 907 190 948 ipso
208 907 458 945 incurrendis,
478 907 652 940 omnibus
677 907 715 940 et
739 906 901 949 singulis
919 907 1059 941 Christi
1078 907 1252 939 fidelibus
1270 908 1445 949 superius
1464 908 1679 946 nominatis,
1701 917 1746 940 nc

109 961 251 1003 scripta
266 962 381 995 etiam
398 963 589 1004 praefatos
607 971 757 995 errores
776 972 849 994 non
868 962 1114 999 continentia,
1134 962 1178 995 ab
1204 962 1338 995 eodem
1362 962 1525 995 Martino
1543 963 1745 1003 quomodo-

111 1016 204 1049 libet
227 1017 379 1049 condita
402 1017 460 1050 vel
486 1017 598 1058 edita,
619 1018 682 1050 aut
706 1017 902 1050 condenda
926 1017 982 1050 vel
1001 1018 1158 1056 edenda,
1178 1026 1244 1050 seu
1261 1027 1393 1050 eorum
1411 1017 1537 1058 aliqua
1559 1019 1748 1058 tamquam

111 1071 156 1104 ab
182 1071 334 1105 homine
360 1071 594 1105 orthodoxae
620 1073 707 1105 fidei
733 1073 898 1110 inimico,
919 1074 1030 1113 atque
1055 1073 1139 1105 ideo
1165 1072 1409 1105 vehementer
1433 1074 1619 1114 suspecta,
1646 1075 1684 1105 et
1708 1075 1749 1105 ut

111 1127 192 1169 ejus
210 1127 394 1160 memoria
411 1128 563 1160 omnino
581 1127 752 1160 deleatur
771 1128 815 1160 de
835 1127 975 1160 Christi
993 1127 1161 1160 fidelium
1178 1128 1381 1166 consortio,
1402 1127 1542 1170 legere,
1563 1137 1746 1166 asserere,

110 1182 342 1224 praedicare,
370 1182 536 1221 laudare,
565 1183 796 1224 imprimere,
827 1182 1021 1224 publicare
1046 1183 1124 1215 sive
1149 1183 1365 1221 defendere,
1392 1192 1460 1224 per
1485 1193 1524 1215 se
1549 1183 1606 1216 vel
1633 1183 1749 1216 alium

111 1246 176 1270 seu
195 1237 288 1270 alios
306 1238 448 1271 directe
473 1237 531 1270 vel
555 1238 752 1276 indirecte,
772 1238 884 1282 tacite
902 1237 959 1270 vel
979 1246 1169 1279 expresse,
1189 1237 1339 1279 publice
1363 1237 1421 1271 vel
1441 1238 1598 1277 occulte,
1618 1248 1683 1286 seu
1710 1239 1747 1271 in

112 1292 283 1325 domibus
315 1293 405 1331 suis,
440 1293 518 1325 sive
552 1292 636 1325 aliis
668 1292 773 1331 locis,
807 1292 968 1335 publicis
1000 1292 1058 1325 vel
1090 1293 1259 1334 privatis,
1294 1294 1424 1326 tenere
1456 1303 1605 1335 quoquo
1638 1294 1748 1326 modo

111 1349 373 1390 praesumant;
394 1348 562 1389 quinimo
580 1347 646 1380 illa
662 1348 896 1387 comburant,
917 1350 957 1380 ut
980 1348 1208 1389 praefertur.

154 1403 178 1444 ἓ
196 1402 248 1435 13.
276 1402 473 1436 Monemus
502 1403 658 1445 insuper
683 1412 813 1436 omnes
841 1405 880 1436 et
907 1403 1078 1446 singulos
1096 1403 1236 1436 Christi
1254 1403 1385 1436 fideles
1403 1404 1651 1445 supradictos,
1679 1404 1746 1437 sub

113 1458 247 1491 eadem
275 1458 676 1490 excommunicationis
705 1458 803 1492 latae
831 1459 1041 1491 sententiae
1070 1468 1192 1500 poena,
1223 1460 1264 1490 ut
1291 1458 1504 1492 haereticos
1535 1459 1750 1500 praedictos

113 1512 326 1546 declaratos
344 1515 382 1546 et
397 1513 678 1552 condemnatos,
698 1514 884 1546 mandatis
902 1514 1042 1546 nostris
1067 1523 1141 1546 non
1166 1513 1483 1555 obtemperantes,
1502 1516 1588 1556 post
1605 1514 1750 1556 lapsum

113 1568 266 1601 termini
284 1569 497 1610 'supradicti
525 1569 679 1608 evitent,
711 1571 748 1602 et
776 1571 956 1610 quantum
985 1569 1023 1601 in
1051 1569 1106 1602 eis
1134 1570 1203 1607 est,
1229 1569 1363 1602 evitari
1391 1569 1542 1607 faciant,
1571 1579 1639 1602 nec
1667 1579 1752 1602 cum

113 1623 255 1656 eisdem
293 1623 352 1657 vel
395 1632 527 1657 eorum
563 1623 688 1665 aliquo
728 1625 994 1657 commercium
1031 1626 1095 1657 aut
1133 1623 1296 1665 aliquam
1328 1625 1652 1658 conversationem
1685 1634 1751 1659 seu

113 1679 414 1712 communionem
439 1678 602 1712 habeant
627 1689 695 1712 nec
719 1680 774 1713 eis
791 1680 1005 1712 necessaria
1022 1679 1250 1712 ministrent.

156 1733 179 1775 ἓ
193 1733 244 1766 14.
263 1734 321 1767 Ad
337 1734 519 1775 majorem
536 1736 736 1776 praeterea
753 1735 842 1767 dicti
860 1735 1014 1767 Martini
1040 1743 1268 1775 suorumque
1291 1734 1542 1776 complicium,
1559 1736 1749 1768 fautorum

113 1790 152 1822 et
179 1788 466 1823 adhaerentium
495 1799 537 1822 ac
568 1791 847 1831 receptatorum
876 1790 1168 1831 praedictorum,
1204 1790 1257 1821 sic
1299 1792 1384 1831 post
1420 1789 1565 1831 lapsum
1598 1791 1751 1823 termini

112 1844 296 1886 praedicti
325 1844 602 1877 declaratorum
633 1845 913 1878 haereticorum
945 1847 983 1877 et
1014 1845 1350 1877 condemnatorum
1374 1846 1647 1884 confusionem,
1675 1846 1752 1878 uni-

112 1899 232 1932 versis
248 1900 286 1932 et
303 1899 463 1942 singulis
481 1900 678 1941 utriusque
698 1909 810 1933 sexus
825 1900 965 1933 Christi
984 1899 1171 1938 fidelibus,
1186 1900 1426 1941 patriarchis,
1442 1900 1750 1943 archiepiscopis,

114 1955 313 1996 episcopis,
338 1946 662 1996 patriarchali-um,
693 1955 1073 1997 metropolitanarum
1101 1958 1139 1988 et
1167 1955 1327 1988 aliarum
1354 1955 1640 1995 cathedralium,
1679 1956 1752 1989 eol-

114 2008 341 2052 legiatarum
364 2019 407 2043 ac
430 2010 656 2043 inferiorum
680 2010 931 2043 ecclesiarum
955 2010 1148 2052 praelatis,
1175 2010 1362 2052 capitulis,
1393 2011 1552 2052 aliisque
1578 2012 1752 2053 personis

115 2064 394 2104 ecclesiasticis,
439 2064 695 2098 saecularibus
739 2067 777 2098 et
821 2066 1041 2107 quorumvis
1085 2065 1259 2098 ordinum
1302 2066 1415 2098 etiam
1458 2067 1753 2099 mendicantium

115 2120 353 2161 (praesertim
369 2120 451 2161 ejus
468 2121 788 2163 congregationis,
808 2121 915 2162 cujus
933 2121 1056 2153 dietus
1075 2120 1261 2153 Martinus
1279 2123 1337 2154 est
1358 2122 1552 2163 professus
1570 2124 1607 2154 et
1624 2122 1662 2154 in
1681 2131 1754 2162 qua

116 2174 254 2217 degere
283 2174 341 2208 vel
374 2176 514 2208 morari
546 2176 696 2217 dicitur)
725 2175 979 2218 regularibus,
999 2176 1187 2217 exemptis
1216 2177 1253 2208 ct
1282 2186 1355 2208 non
1381 2177 1579 2218 exemptis,
1607 2186 1752 2210 necnon

115 2230 302 2263 universis
338 2232 376 2263 et
411 2230 571 2273 singulis
606 2231 855 2273 principibus,
897 2240 1132 2272 quacumque
1173 2231 1431 2264 ecclesiastica
1465 2231 1523 2264 vel
1563 2232 1753 2264 mundana

114 2284 350 2328 fulgentibus
383 2286 569 2328 dignitate
600 2286 769 2328 regibus,
809 2287 1052 2328 imperatoris
1085 2286 1326 2325 electoribus,
1364 2287 1532 2325 ducibus,
1570 2287 1754 2320 marchio-

117 2340 238 2378 nibus,
257 2341 469 2379 comitibus,
488 2341 704 2379 baronibus,
724 2342 944 2383 capitaneis,
964 2342 1273 2380 conductoribus,
1301 2341 1522 2379 domicellis,
1549 2343 1754 2375 communi-

117 2395 268 2434 tatibus,
295 2396 615 2434 universitatibus,
643 2397 906 2438 potestatibus,
934 2397 1162 2435 civitatibus,
1184 2397 1308 2436 terris,
1335 2398 1468 2429 castris
1493 2399 1531 2430 et
1555 2397 1660 2436 locis,
1687 2408 1753 2431 seu

116 2459 247 2484 eorum
271 2451 558 2490 habitatoribus,
585 2452 728 2485 civibus
757 2453 795 2485 et
818 2452 964 2490 incolis,
992 2453 1241 2494 omnibusque
1267 2452 1350 2486 aliis
1376 2454 1414 2485 et
1438 2452 1599 2495 singulis
1625 2462 1753 2495 supra-

117 2505 238 2545 dictis,
272 2516 340 2548 per
375 2507 592 2540 universum
625 2508 766 2546 orbem,
801 2508 1025 2549 praesertim
1061 2509 1099 2540 in
1133 2508 1264 2542 eadem
1295 2507 1493 2541 Alemania
1523 2509 1752 2548 constitutis,

117 2562 336 2594 mandamus
353 2564 537 2603 quatenus
555 2563 622 2595 sub
646 2563 849 2604 praedictis
867 2563 1040 2596 omnibus
1058 2565 1096 2596 et
1113 2563 1274 2606 singulis
1290 2564 1435 2605 poenis,
1455 2564 1527 2605 ipsi
1546 2563 1602 2597 vel
1621 2573 1753 2597 eorum

118 2615 287 2657 quilibet,
304 2619 514 2659 praefatum
533 2617 749 2656 Martinum,
765 2618 980 2661 complices,
996 2618 1258 2657 adhaerentes,
1274 2620 1514 2660 receptantes
1531 2620 1570 2652 et
1585 2620 1754 2653 fautores

118 2672 369 2713 personaliter
396 2673 557 2714 capiant,
588 2675 626 2706 et
653 2675 782 2715 captos
811 2674 856 2706 ad
882 2675 1048 2706 nostram
1077 2675 1295 2707 instantiam
1323 2674 1513 2707 retineant
1545 2676 1584 2708 et
1611 2675 1656 2707 ad
1687 2685 1754 2707 nos

119 2727 280 2765 mittant,
306 2728 538 2769 reportaturi
562 2737 630 2770 pro
656 2731 731 2761 tam
756 2729 855 2761 bono
874 2738 988 2771 opere
1013 2738 1035 2762 a
1059 2730 1166 2762 nobis
1184 2733 1220 2762 et
1239 2730 1327 2762 sede
1350 2729 1558 2771 apostolica
1581 2739 1754 2763 remune-

119 2782 304 2815 rationem
339 2783 623 2824 praemiumque
659 2785 900 2827 condignum,
932 2784 989 2817 vel
1022 2784 1155 2818 saltem
1188 2795 1252 2818 eos
1292 2786 1330 2817 et
1369 2794 1500 2818 eorum
1533 2785 1752 2827 quemlibet,

121 2836 167 2870 de
201 2837 515 2880 metropolitanis,
556 2838 850 2877 cathedralibus,
888 2839 1100 2883 collegiatis
1141 2842 1179 2873 et
1217 2839 1301 2872 aliis
1341 2840 1523 2879 ecclesiis,
1566 2841 1749 2879 domibus,

122 2893 372 2932 monasteriis,
398 2894 656 2933 conventibus,
686 2895 913 2933 civitatibus,
945 2895 1133 2934 dominiis,
1160 2895 1482 2935 universitatibus,
1509 2897 1754 2930 communita-

121 2946 233 2984 tibus,
259 2949 405 2987 castris,
433 2951 546 2983 terris
573 2959 615 2983 ac
639 2949 731 2983 locis
748 2951 958 2993 respective
983 2953 1058 2983 tam
1082 2951 1210 2985 clerici
1236 2953 1275 2984 et
1297 2951 1493 2995 regulares
1518 2961 1629 2994 quam
1653 2952 1751 2991 laici,

124 3011 253 3036 omnes
269 3010 305 3037 et
323 3004 463 3048 singuli
481 3006 687 3048 supradicti
705 3007 856 3040 omnino
873 3006 1075 3049 expellant.
