2096 3481
875 197 1013 232 ANNO
1040 197 1121 230 1521
1780 195 1820 226 51

183 309 329 342 incitat.
367 307 494 350 Ipsum
526 316 615 340 vero
655 316 840 340 summum
882 309 1033 340 nostrae
1073 307 1272 349 religionis
1312 305 1560 342 sacerdotem,
1602 303 1677 335 divi
1718 303 1823 336 Petri

183 372 440 397 successorem
473 364 511 396 et
538 371 667 396 verum
706 363 745 395 in
786 363 898 395 terris
931 363 1071 395 Christi
1103 363 1286 395 vicarium
1325 370 1399 394 non
1440 360 1511 392 nisi
1551 358 1754 391 infamibus
1786 360 1824 390 ct

181 419 376 461 probrosis
401 419 571 450 nominat
593 417 719 450 verbis
743 418 781 450 et
808 418 1126 459 frequentissimis
1143 419 1255 458 atque
1282 416 1462 449 inauditis
1487 414 1682 447 invectivis
1699 415 1825 445 contu-

182 473 306 507 meliis
334 476 372 506 ct
403 473 648 515 blasphemiis
679 473 899 506 insectatur.
930 473 1108 505 Liberum
1141 473 1340 505 arbitrium
1369 480 1525 513 prorsus
1551 468 1696 501 nullum
1725 477 1820 506 esse,

182 530 247 562 sed
265 529 392 562 omnia
408 531 513 562 certa
536 529 621 572 lege
646 530 759 566 stare,
779 538 824 561 ex
851 528 1063 561 Manichaei
1088 529 1240 569 quidem
1265 530 1303 561 et
1326 526 1477 569 Vigleffi
1503 534 1602 566 penu
1620 524 1820 565 depromit,

183 585 249 618 sed
273 586 451 626 tanquam
476 583 735 627 irrefragabili
760 586 984 626 argumento
1009 583 1248 616 ethnicorum
1272 583 1472 625 poetarum
1490 580 1720 613 carminibus
1738 588 1823 611 con-

182 641 319 673 firmat.
351 640 489 673 Missae
517 639 734 673 venerabile
769 641 1046 672 sacramentum
1083 648 1205 680 neque
1242 637 1430 671 defunctis
1463 645 1584 676 neque
1617 635 1710 666 vivis
1738 634 1822 666 aliis

181 705 294 737 quam
311 695 382 728 soli
400 695 608 728 celebranti
626 695 827 737 suffragari
845 695 988 727 scribit.
1002 695 1244 736 Jejuniorum
1263 695 1301 726 et
1317 693 1532 725 orationum
1546 690 1822 722 institutionem

182 752 220 784 et
237 751 549 784 consuetudinem
564 751 609 783 ab
623 750 784 784 ecclesia
801 750 1037 783 observatam
1055 750 1210 782 invertit
1227 750 1263 781 et
1281 747 1501 788 corrumpit.

226 807 280 839 De
311 806 535 849 purgatorio
567 807 606 839 et
637 806 860 843 animarum,
894 814 990 846 quae
1022 805 1059 837 in
1094 814 1138 837 eo
1171 805 1374 846 expiantur
1407 803 1519 839 statu,
1550 802 1670 842 deque
1707 800 1823 832 divini

181 862 357 894 sacrificii
375 864 414 894 et
429 862 624 894 veniarum
642 861 846 903 suffragiis,
866 870 961 902 quae
987 870 1008 893 a
1033 861 1140 892 nobis
1165 859 1296 892 fideles
1322 858 1489 890 defuncti
1507 858 1720 898 expectant,
1739 864 1823 887 cum

180 917 450 951 Waldensibus
482 918 520 949 et
545 916 768 959 VVigleffitis
799 918 933 948 contra
960 915 1158 949 ecclesiam
1191 915 1318 947 sentit.
1350 914 1404 946 De
1437 911 1599 945 ecclesia
1626 920 1714 943 vcro
1744 911 1824 952 ipsa

179 973 380 1011 militante,
411 982 497 1004 cum
528 972 747 1015 Pelagianis
780 974 818 1004 et
850 971 1027 1004 Hussitis.
1061 972 1111 1003 At
1143 972 1359 1003 sanctorum
1391 970 1541 1011 patrum
1574 966 1823 999 authoritates

180 1030 218 1061 et
231 1029 383 1070 scripta,
403 1028 448 1060 ab
467 1027 628 1060 ecclesia
639 1029 804 1069 recepta,
831 1036 899 1068 pro
929 1026 1048 1059 nihilo
1067 1026 1193 1059 habet.
1220 1025 1287 1058 Est
1304 1024 1367 1057 ubi
1386 1024 1499 1056 ctiam
1525 1031 1638 1063 saepe
1663 1021 1821 1058 deridet,

182 1084 424 1124 debitumque
449 1082 525 1115 illis
550 1082 692 1115 cultum
717 1087 756 1115 et
780 1082 1019 1115 devotionem
1052 1082 1191 1114 deterit
1218 1082 1256 1113 et
1284 1079 1471 1112 diminuit.
1500 1077 1763 1111 obedientiam
1788 1078 1826 1108 et

180 1139 352 1181 regimen
379 1147 488 1171 omne
512 1147 669 1179 prorsus
686 1138 798 1170 tollit.
826 1138 934 1170 Unde
962 1136 1093 1179 populi
1118 1137 1163 1169 ad
1189 1135 1441 1168 defectionem
1467 1135 1504 1166 et
1528 1132 1776 1166 rebellionem
1805 1140 1826 1162 a

181 1195 258 1227 suis
292 1196 367 1226 tam
401 1193 662 1235 spiritualibus
692 1203 803 1234 quam
836 1192 1108 1234 temporalibus
1137 1191 1300 1224 dominis
1331 1190 1555 1227 faciendam,
1586 1188 1630 1220 ad
1659 1187 1824 1228 rapinas,

181 1250 328 1288 caedes,
348 1250 535 1288 incendia,
555 1259 639 1282 cum
662 1258 800 1291 magno
819 1250 855 1281 et
873 1249 1075 1281 manifesto
1095 1247 1326 1280 christianae
1351 1244 1584 1287 reipublicae
1609 1243 1824 1277 discrimen.

180 1307 446 1347 provocentur.
481 1304 710 1343 Quinimmo,
737 1313 852 1345 quum
884 1304 998 1336 vitam
1027 1304 1204 1344 quantam
1237 1301 1411 1339 solutam,
1449 1299 1685 1332 licentiosam
1713 1299 1825 1338 atque

181 1361 226 1393 ab
253 1361 355 1393 omni
378 1360 464 1403 lege
482 1359 699 1402 explicitam
723 1361 762 1392 et
785 1368 873 1392 vere
897 1359 1059 1391 ferinam
1084 1359 1264 1390 inducere
1287 1358 1459 1394 conetur,
1489 1356 1543 1387 ita
1573 1353 1683 1387 exlex
1711 1353 1824 1385 homo

182 1416 287 1459 leges
319 1415 420 1458 ipsas
449 1424 579 1448 omnes
612 1416 765 1448 damnat
796 1417 834 1448 et
865 1415 1084 1453 contemnit,
1115 1415 1157 1446 ut
1190 1413 1343 1446 decreta
1370 1412 1586 1444 sanctorum
1613 1410 1764 1452 patrum
1789 1410 1827 1440 et

183 1481 310 1505 sacros
339 1480 502 1504 canones
533 1470 685 1512 publico
717 1471 799 1513 igni
831 1470 1053 1503 comburere
1088 1479 1162 1501 non
1190 1467 1464 1505 formidaverit,
1495 1467 1663 1498 facturus
1694 1464 1826 1505 pejora

181 1527 283 1560 civili
299 1527 389 1569 juri,
416 1527 447 1559 si
472 1536 546 1559 non
571 1526 692 1569 magis
717 1525 858 1559 saeculi
876 1525 1045 1568 gladium
1070 1534 1182 1566 quam
1206 1523 1398 1566 pontificis
1415 1519 1826 1555 excommunicationes

182 1584 219 1616 et
233 1591 411 1615 censuras
429 1582 638 1615 metuisset.

222 1638 309 1671 Jam
333 1647 422 1670 vero
455 1638 705 1670 sacrosanctis
730 1637 900 1670 conciliis
932 1636 1056 1678 palam
1090 1635 1351 1668 contradicere
1381 1636 1417 1666 et
1449 1642 1517 1674 pro
1547 1641 1615 1664 suo
1641 1631 1825 1663 arbitratu

181 1693 382 1726 detrahere
408 1702 482 1725 non
507 1693 709 1726 erubescit.
729 1693 759 1726 E
777 1693 912 1734 quibus
929 1692 1169 1734 potissimum
1189 1690 1478 1724 Constantiense
1497 1687 1603 1725 illud,
1624 1687 1724 1728 quod
1741 1695 1825 1718 cum

180 1750 365 1791 perpetua
398 1748 564 1791 inclytae
603 1749 850 1781 Germanicae
889 1748 1053 1781 nationis
1094 1746 1219 1789 gloria
1254 1754 1387 1787 pacem
1430 1746 1467 1777 et
1510 1741 1825 1783 tranquillitatem

182 1804 380 1837 dissidenti
406 1804 588 1837 ecclesiae
625 1804 751 1837 dedit:
785 1805 840 1836 ita
869 1803 1010 1844 ubique
1045 1803 1194 1835 mordet
1222 1803 1261 1835 et
1287 1802 1436 1843 impuro
1469 1798 1730 1838 sceleratoque
1760 1805 1825 1828 ore

181 1859 334 1897 lacerat,
365 1861 406 1892 ut
434 1860 473 1892 in
501 1868 680 1902 magnum
708 1859 934 1892 universalis
971 1858 1155 1892 ecclesiae
1188 1857 1350 1890 dedecus
1379 1857 1417 1888 et
1448 1852 1729 1890 offendiculum,
1760 1852 1825 1884 sed

182 1915 406 1948 Germaniae
434 1915 660 1956 praesertim
685 1915 851 1948 nationis
877 1914 1123 1956 opprobrium
1147 1915 1186 1946 et
1209 1912 1458 1955 ignominiam
1476 1908 1678 1942 concilium
1703 1908 1826 1949 ipsum

182 1980 280 2003 nunc
308 1971 471 2012 pessime
497 1971 665 2002 omnium
693 1979 841 2003 errasse
869 1970 1022 2008 scribat,
1050 1978 1149 2002 nunc
1174 1976 1409 2010 synagogam
1435 1965 1596 1998 Satanae
1623 1964 1762 2004 quique
1786 1963 1824 1994 in

181 2035 226 2059 eo
258 2027 515 2058 convenerant
553 2027 592 2058 et
627 2025 816 2059 Joannem
848 2025 1043 2058 Hussitam
1076 2023 1384 2057 haeresiarcham
1420 2020 1589 2053 comburi
1620 2019 1824 2060 Jusserant,

181 2082 465 2124 sigismundum
500 2082 630 2122 utique
665 2080 814 2114 foelicis
849 2080 1126 2113 recordationis
1165 2079 1436 2120 imperatorem
1476 2077 1514 2108 et
1546 2075 1643 2108 sacri
1674 2073 1826 2114 imperii

181 2137 372 2179 principes
399 2137 676 2169 Antichristum
700 2138 739 2170 et
763 2146 851 2169 suos
876 2135 1068 2178 apostolos
1093 2134 1378 2174 homicidasque
1403 2134 1441 2164 et
1464 2131 1686 2173 pharisaeos
1703 2130 1823 2160 vocet.

182 2192 292 2231 Quid,
330 2193 430 2233 quod
469 2193 646 2225 damnata
683 2192 722 2224 in
761 2192 896 2225 eodem
931 2190 1092 2224 concilio
1122 2190 1249 2222 omnia
1282 2189 1442 2222 Joannis
1475 2186 1653 2219 Hussitae
1685 2186 1824 2220 errata,

182 2247 402 2290 evangelica
436 2250 473 2280 et
508 2247 717 2280 christiana
755 2257 851 2286 esse,
886 2248 925 2280 ct
959 2256 999 2279 se
1035 2246 1220 2287 recipere,
1254 2245 1578 2287 probaturumque.
1610 2240 1824 2282 profitetur,

182 2303 410 2345 approbatos
423 2312 513 2336 vero
528 2304 698 2345 eJ'usdem
712 2303 891 2336 Hussitae
906 2301 1086 2335 articulos
1100 2309 1338 2342 nequaquam
1356 2298 1534 2332 admittit.
1547 2296 1590 2329 In
1609 2297 1827 2334 tantamque

182 2359 357 2401 prorupit
373 2359 511 2392 mentis
528 2359 755 2397 vaesaniam,
775 2360 827 2397 ut,
848 2359 879 2391 si
897 2357 1013 2391 semel
1030 2357 1199 2391 Joannes
1217 2355 1374 2388 Hussita
1397 2353 1515 2386 fuerit
1540 2351 1767 2385 hacreticus,
1787 2359 1827 2381 se

182 2414 267 2456 plus
285 2415 410 2447 decies
427 2414 662 2447 haereticum
680 2414 866 2447 Martinus
892 2414 1098 2456 glorietur3
1118 2412 1231 2444 homo
1249 2420 1369 2452 usque
1388 2410 1481 2442 adeo
1501 2416 1681 2440 novarum
1698 2414 1827 2438 rerum

184 2479 226 2503 ac
242 2470 368 2512 potius
385 2470 610 2512 perditionis
628 2469 815 2503 humanae
833 2470 1004 2511 cupidus,
1024 2470 1065 2501 ut
1083 2466 1177 2500 nihil
1202 2468 1284 2499 fere
1302 2464 1499 2507 scripserit
1523 2462 1581 2495 vel
1607 2461 1741 2495 saltem
1759 2469 1826 2492 suo

183 2525 335 2558 nomine
375 2524 639 2568 divulgaverit,
669 2525 730 2558 cui
758 2534 833 2557 non
859 2524 987 2566 aliqua
1017 2523 1148 2565 pestis,
1183 2522 1320 2563 aliquis
1348 2519 1502 2553 lethalis
1531 2518 1621 2550 insit
1649 2516 1826 2555 aculeus3

182 2583 336 2623 praeter
352 2580 438 2613 illos
466 2581 584 2613 libros
603 2590 650 2614 ne
667 2580 918 2613 nominandos
942 2579 1095 2621 quidem
1125 2578 1171 2611 ob
1201 2576 1451 2611 execrandam
1470 2582 1600 2607 eorum
1631 2572 1828 2605 materiam

183 2636 303 2678 ipsius
340 2637 466 2669 tamen
495 2635 605 2668 titulo
635 2636 756 2669 editos
785 2636 824 2669 et
851 2636 896 2668 ab
927 2644 972 2668 eo
1001 2644 1086 2667 cum
1110 2633 1270 2674 reliquis
1294 2634 1336 2665 ut
1365 2640 1452 2663 suos
1479 2629 1640 2672 agnitos,
1668 2635 1829 2668 quorum

185 2691 337 2734 singula
352 2691 479 2731 verba,
499 2691 651 2734 singula
666 2700 813 2725 venena
828 2691 966 2724 merito
984 2690 1068 2731 quis
1087 2689 1207 2722 dicat?
1223 2688 1271 2721 Et
1289 2696 1335 2719 nc
1354 2686 1492 2724 omnia,
1507 2693 1602 2726 quae
1617 2684 1830 2715 innumera-

184 2746 277 2780 bilia
294 2748 381 2780 sunt
396 2747 556 2780 Lutheri
573 2748 711 2786 errata,
732 2746 953 2789 singulatim
971 2745 1282 2787 percenseantun
1303 2745 1480 2783 tanquam
1499 2741 1530 2772 si
1548 2739 1608 2772 hic
1627 2748 1735 2773 unus.
1756 2746 1829 2770 non

186 2801 312 2842 homo,
339 2802 405 2835 sed
433 2801 606 2835 diabolus
630 2802 724 2844 ipse,
751 2802 820 2835 sub
838 2801 1004 2834 hominis
1028 2801 1168 2842 specie,
1187 2799 1235 2832 ad
1258 2797 1467 2840 perniciem
1492 2795 1646 2828 humani
1664 2793 1829 2836 generis.

187 2859 381 2900 assumpta
406 2857 583 2891 monachi
613 2857 772 2897 cuculla,
804 2866 915 2899 quam
938 2856 1191 2898 plurimorum
1220 2853 1500 2887 haereticorum
1530 2849 1832 2883 damnatissimas

187 2912 378 2953 haereses
408 2913 552 2955 jamdiu
581 2913 760 2956 sepultas,
790 2913 829 2946 in
858 2921 972 2946 unam
996 2911 1185 2946 sentinam
1214 2907 1452 2951 congesserit
1482 2908 1519 2939 et
1547 2905 1691 2946 aliquas
1716 2904 1830 2936 etiam
