2096 3481
766 280 903 315 ANNo
930 281 1014 314 1525
1335 323 1338 327 .
1647 278 1709 310 417

72 395 201 429 omnia
225 402 471 436 quaecunque
496 394 626 426 nostra
648 392 792 426 referat
817 392 928 430 sciro,
952 391 993 424 ut
1018 390 1111 423 nihil
1137 399 1230 432 opus
1255 389 1305 422 sit
1329 388 1489 422 aliorum
1512 389 1711 431 praeterea

71 450 269 483 hominum
286 449 438 491 scriptis
455 449 519 482 aut
536 447 723 482 decretis?
739 447 797 479 Ad
815 455 930 479 unum
948 445 1189 479 Paracletum
1205 444 1377 478 veritatis
1403 444 1626 486 magistrum
1643 452 1711 475 nos

71 505 234 538 remittit
251 504 435 542 Christus,
455 505 496 537 ut
514 504 558 536 ab
575 502 642 536 illo
661 502 842 535 ducamur
859 505 898 534 in
917 510 1065 534 omnem
1081 501 1293 534 veritatem.

116 558 375 594 Enchusanus.
396 559 476 593 Nae
494 560 534 592 tu
551 558 664 591 homo
682 557 875 591 confidens
894 567 946 596 cs,
965 557 1029 598 qui
1046 565 1115 598 pro
1133 557 1326 598 comperto
1352 554 1492 589 habere
1519 556 1554 588 te
1578 554 1710 596 J'actes,

73 625 259 657 quaenam
277 616 419 657 scripta
436 615 512 647 sint
529 614 689 647 authore
709 613 874 655 Spiritu?

115 671 331 705 Montanus.
354 671 452 703 Num
471 671 510 703 tu
528 671 694 703 mentem
713 669 875 710 Spiritus
893 669 1013 701 sancti
1032 668 1159 701 tenes?

114 726 388 761 Rosemnndus.
418 726 524 759 Bone
553 726 667 763 Deus,
699 734 809 766 quam
840 724 1030 765 temerarij
1065 725 1152 756 sunt
1179 723 1242 756 isti
1271 722 1455 764 homines,
1485 722 1548 764 qui
1578 722 1713 763 putant

68 791 108 815 se
126 781 266 815 habere
287 782 469 823 Spiritum
486 782 674 814 sanctum!

115 837 333 871 Wordenas.
354 837 451 876 Quid
472 837 560 874 tam,
581 845 734 877 quaeso,
753 836 790 868 in
817 845 876 868 mc
901 834 1164 877 frenditis?(l)
1190 834 1279 876 quid
1304 833 1396 866 mihi
1422 834 1496 866 tam
1521 832 1712 866 hostiliter

67 891 282 925 insultatis?

108 946 368 981 Eizclzusanus.
390 947 496 981 Tune
515 946 697 989 Spiritum
717 948 887 980 sanctum
905 946 1035 985 habes,
1054 946 1209 988 inepte?

115 1002 333 1037 W'ordenas.
355 1017 370 1030 u
390 1002 461 1041 Qui
479 1012 554 1036 non
572 1003 686 1036 habet
703 1003 880 1044 spiritum
899 1001 1052 1040 Christi,
1072 1001 1133 1034 hic
1152 1010 1226 1033 non
1245 1001 1302 1034 est
1319 1000 1401 1033 eius
1416 1000 1476 1042 (2).
1497 1015 1513 1029 n

116 1056 307 1092 Branchus
321 1058 382 1101 (3).
424 1058 531 1096 Quod
570 1067 662 1100 pace
698 1058 765 1090 fiat
795 1058 934 1094 vestra,
968 1057 1111 1090 domini
1143 1056 1231 1095 mei,
1269 1055 1515 1097 interrogabo
1555 1056 1594 1089 et
1632 1055 1712 1097 ipse

70 1113 226 1155 aliquid.
261 1115 421 1147 Domine
452 1114 631 1153 JoannCS‚
667 1114 765 1147 unde
798 1114 834 1147 te
868 1113 967 1146 nosti
999 1112 1236 1145 sacerdotem
1265 1121 1361 1151 esse,
1395 1114 1434 1145 et
1462 1111 1560 1144 unde
1589 1111 1713 1144 credis

71 1169 138 1202 tibi
166 1171 315 1211 patrem
347 1179 444 1208 esse,
478 1179 589 1211 quem
621 1170 768 1212 patrem
802 1168 967 1202 salutas?
999 1169 1083 1209 quis
1115 1167 1249 1200 harum
1281 1177 1410 1201 rerum
1443 1168 1479 1200 te
1510 1167 1603 1200 fecit
1633 1175 1712 1199 cer-

69 1225 289 1267 tiorem(4)?

122 1280 342 1315 Wordenas.
370 1281 454 1315 Non
480 1282 517 1315 te
541 1281 659 1324 pudet
683 1282 759 1315 tam
784 1280 922 1314 stultae
947 1280 1092 1322 pariter
1116 1281 1229 1321 atque
1254 1280 1440 1312 absurdae
1459 1278 1714 1320 quaestionis?

68 1337 194 1379 Digna
218 1337 276 1370 est
299 1338 471 1379 profecto
497 1337 543 1370 ob
570 1346 679 1378 quam
699 1337 835 1370 merito
853 1335 1081 1378 vapulentur
1097 1335 1219 1378 pueri.
1239 1334 1477 1368 Permultum
1501 1334 1673 1372 interest,
1693 1344 1713 1366 0

66 1391 275 1434 praeclare,
302 1393 381 1426 sive
406 1392 496 1434 quid
520 1393 653 1426 credas
679 1392 898 1434 Scripturae
923 1400 1068 1430 sacrae,
1097 1391 1159 1424 cui
1187 1391 1399 1423 indubitato
1430 1390 1542 1422 fidem
1572 1389 1716 1422 habent

68 1456 198 1481 omnes
214 1448 282 1489 pij,
306 1448 420 1489 idque
438 1457 484 1481 ex
503 1448 640 1490 spiritu
666 1448 768 1486 fidei,
789 1456 901 1489 quem
918 1456 1113 1488 accepere,
1133 1447 1210 1479 sive
1235 1445 1318 1487 alijS
1336 1446 1450 1479 rebus
1475 1445 1564 1486 quid
1582 1444 1714 1477 eredas

68 1504 177 1536 extra
205 1502 432 1545 Scripturas.
459 1504 572 1537 Fides
596 1504 635 1536 in
660 1504 782 1536 Deum
812 1504 849 1536 et
876 1503 996 1545 ipsius
1028 1502 1185 1536 verbum
1217 1502 1323 1534 iuxta
1355 1501 1571 1534 necessaria
1602 1501 1713 1541 atque

68 1558 246 1592 salutaris
271 1560 340 1592 est.
360 1558 561 1592 Caeterum
578 1568 668 1592 vero
693 1568 823 1592 rerum
848 1558 1054 1592 credulitas
1069 1557 1117 1599 (5)
1135 1558 1199 1590 aut
1216 1559 1399 1599 concepta
1423 1556 1564 1598 opinio,
1592 1564 1713 1596 neque

68 1615 284 1648 necessaria
307 1615 376 1654 est,
404 1624 526 1656 neque
552 1614 728 1648 salutaris
748 1624 756 1647 :
785 1614 851 1648 sed
875 1614 996 1647 libera
1018 1613 1250 1655 relinquitur
1266 1622 1333 1645 suo
1352 1613 1533 1653 cuiusque
1556 1611 1711 1653 judieiO,

67 1670 164 1703 citra
179 1670 362 1703 iacturam
379 1671 545 1712 pietatis.

110 1725 323 1760 Montanus.
342 1725 460 1764 Quid?
474 1727 648 1760 credisne
666 1727 703 1760 te
721 1726 958 1760 sacerdotem
976 1734 1058 1759 esse
1072 1726 1085 1758 ‘t
1100 1760 1103 1763 ,

119 1781 340 1816 Wordenas.
361 1781 524 1820 Quidni?

108 1837 323 1872 Montanus.
358 1837 449 1876 Quis
482 1838 551 1871 tibi
585 1839 730 1881 accepti
768 1838 971 1879 sacerdotij
1002 1837 1115 1871 fidem
1147 1837 1259 1871 fecit?
1291 1837 1374 1878 quis
1408 1837 1444 1869 te
1477 1835 1711 1869 sacerdotem

65 1894 282 1927 constituit?

117 1948 338 1984 Wordenas.
358 1949 569 1992 Episcopus
588 1951 832 1993 suffragator.

111 2006 326 2040 Montanus.
346 2006 529 2040 Credisne
546 2006 655 2039 illum
673 2007 875 2040 ordinandi
893 2006 1122 2048 potestatem
1139 2004 1307 2039 habere?

119 2061 340 2096 Wordenas.
360 2062 497 2095 Etiam.

112 2117 327 2151 Montanus.
345 2118 462 2159 Atqui
479 2118 565 2151 istic
583 2127 768 2159 nusquam
786 2118 901 2151 habet
919 2117 1116 2159 Scriptura
1133 2126 1251 2150 sacra.
1272 2116 1404 2150 Credis
1427 2125 1519 2159 ergo
1539 2115 1716 2163 quiddam

69 2173 168 2215 quod
193 2174 302 2206 extra
326 2174 540 2216 Scripturas
565 2175 776 2207 asseritur:
797 2174 936 2216 quippe
961 2174 1131 2215 episcopi
1155 2173 1210 2205 tui
1236 2173 1282 2205 ad
1301 2172 1551 2205 ordinandum
1576 2170 1711 2204 autho-

67 2229 233 2263 ritatem.

118 2284 338 2320 Wordenas.
373 2285 471 2323 Quid
502 2285 596 2319 haec
627 2294 712 2319 mea
744 2286 918 2328 opiniosa
956 2284 1161 2318 credulitas
1194 2284 1240 2317 ad
1271 2284 1386 2318 fidem
1419 2283 1712 2317 iustificantem?

67 2340 163 2378 Quid
178 2349 294 2382 porro
318 2341 440 2375 bonae
464 2342 522 2375 rei
547 2351 568 2374 a
592 2340 659 2374 tali
677 2341 855 2383 episcopo
881 2341 1107 2382 acceperim,
1128 2340 1200 2372 nisi
1226 2340 1326 2381 quod
1352 2340 1530 2373 sacerdos
1555 2338 1710 2377 saluter,

67 2407 142 2431 non
173 2398 296 2437 video,
330 2407 415 2430 cum
447 2407 468 2430 a
500 2398 718 2441 symoniaco
752 2398 929 2440 episc-opo
962 2398 1001 2430 et
1032 2397 1113 2438 ipse
1146 2396 1385 2438 symoniacus
1411 2396 1448 2428 in
1474 2394 1711 2428 sacerdotum

67 2453 274 2496 collegium
286 2453 485 2495 cooptatus
503 2454 587 2486 sim.

112 2507 371 2543 Enchusanus.
405 2508 600 2547 Quomodo
636 2509 757 2552 igitur
788 2509 996 2543 secundum
1032 2509 1200 2542 vestrum
1236 2507 1473 2551 Evangelion
1513 2507 1712 2549 episcopus

69 2565 204 2599 debeat
220 2565 356 2605 creari,
376 2566 442 2598 aut
457 2565 636 2598 sacerdos
654 2565 845 2598 ordinari?

121 2620 339 2655 Wordenas.
366 2620 451 2654 Non
476 2630 663 2660 creamur,
690 2621 756 2654 sed
781 2620 918 2663 spiritu
943 2621 981 2654 et
1006 2629 1102 2661 aqua
1125 2620 1361 2654 renascimur
1388 2620 1617 2659 sacerdotes,
1648 2620 1711 2662 qui

111 2777 157 2821 (1)
183 2777 226 2814 In
249 2778 422 2823 margine
448 2787 456 2811 :
482 2776 779 2820 Blasphemavit.

111 2836 159 2877 (2)
249 2833 356 2868 Idem
447 2842 456 2867 ε
481 2834 539 2867 Ad
555 2833 762 2873 Romanos,
781 2833 813 2866 8.

111 2891 159 2933 (3)
249 2889 356 2924 Idem
450 2898 458 2922 :
483 2890 754 2923 Restituuntur
772 2888 944 2923 turbatae
963 2888 1218 2932 sophistarum
1235 2890 1380 2932 copiae.

113 2947 160 2988 (4)
251 2945 356 2979 Idem
448 2955 456 2978 ε
482 2945 604 2980 Acuta
621 2946 806 2987 quaestio.

113 3000 160 3043 (5)
250 3001 356 3035 Idem
447 3013 454 3034 z
484 3001 710 3035 Credulitas.

1569 3100 1611 3133 27
