2096 3481
768 221 905 255 ANNO
933 221 1015 254 1525
1645 226 1708 257 423

78 333 249 366 dominos
273 333 475 366 doctores:
502 332 591 373 quin
620 332 746 374 potius
769 332 967 366 veritatem
992 333 1160 371 fatearis,
1187 335 1225 367 et
1248 335 1343 368 bene
1369 335 1522 368 habebit
1545 343 1606 369 res
1631 336 1706 373 tua,

76 389 188 422 erede
203 387 310 420 mihi.

119 441 390 478 Rosemundus.
411 442 507 481 Quid
526 443 678 475 domino
696 443 956 476 commissario
983 444 1018 477 tc
1038 447 1113 477 tam
1131 444 1324 478 difficilem
1349 446 1502 479 reddis?
1519 446 1709 488 Expedias

77 499 126 536 te,
145 508 296 540 quaeso,
317 498 388 531 hoe
406 499 578 541 negocio.

126 552 344 587 PVordenas.
376 553 426 587 Ut
455 563 552 586 nune
581 554 736 586 affectus
765 563 859 592 sum,
891 554 984 586 nihil
1014 555 1158 594 dixero,
1190 556 1263 588 nisi
1290 557 1554 590 criminatores
1583 565 1710 589 coram

77 609 235 642 videam.
256 609 306 642 Ut
318 609 349 641 si
368 608 461 641 nihil
481 609 618 650 probet
631 610 750 649 actor,
767 618 856 642 rcus
875 610 1104 644 absolvatur.

121 663 337 698 Montanus.
357 664 542 702 Quoniam
560 674 693 706 parum
711 665 877 698 succedit
895 666 993 707 quod
1013 667 1173 708 agimus,
1194 666 1267 700 alia
1286 668 1547 710 aggrediunda
1564 670 1622 702 cst
1638 669 1708 701 via.

120 718 419 753 Davenvorthus.
439 719 604 762 Tempus
629 722 688 752 est
705 721 746 752 ut
763 719 950 753 solvamus
968 731 1199 760 consessum,
1219 723 1396 756 meridies
1422 723 1520 756 enim
1539 724 1710 766 proxime

77 776 233 818 appetit.

120 830 335 864 Montanus.
355 830 452 868 Quid
469 831 661 872 captivus?

122 884 327 920 Brunthus.
346 886 566 919 Redueatur
583 886 620 917 in
639 894 845 919 carcerem.

123 941 378 975 Enchusanus.
409 941 493 973 Nou
522 942 580 973 est
607 940 806 973 consilium
835 942 876 974 ut
903 941 993 974 illuc
1021 942 1236 980 reducatur,
1261 944 1325 976 ubi
1350 943 1596 978 Guielielmus
1620 946 1713 979 Gna-

76 997 196 1039 plieus
213 998 282 1035 est,
302 1006 348 1030 ne
366 997 437 1038 ipsi
456 997 556 1029 inter
573 1006 612 1029 se
630 999 856 1038 congruant.

120 1051 333 1086 Montanus.
363 1052 560 1084 Yinciatur
590 1051 715 1093 potius
744 1052 928 1094 tantisper
960 1053 997 1085 in
1030 1053 1101 1086 hoe
1132 1053 1301 1087 conclavi
1333 1056 1589 1097 compedibus,
1623 1057 1711 1089 dum

79 1118 101 1141 a
117 1107 275 1149 prandio
293 1106 366 1139 hue
383 1108 633 1140 revertamur.

128 1161 344 1196 UVordenas.
365 1162 524 1195 Etiamsi
543 1171 615 1195 non
634 1163 884 1204 compedircr,
906 1172 977 1195 non
997 1164 1220 1206 aufugerem
1238 1166 1376 1199 tamen.

121 1217 337 1252 Montanus.
357 1217 413 1250 Tu
431 1219 490 1250 fae
508 1218 633 1251 tecum
651 1217 852 1257 deliberes,
873 1218 961 1251 dum
985 1220 1199 1257 redeamus,
1219 1222 1404 1262 quomodo
1423 1221 1530 1255 nobis
1548 1223 1713 1264 acquies-

79 1283 153 1312 cas,
173 1274 211 1306 et
227 1273 298 1305 hoe
316 1274 352 1306 te
369 1282 524 1306 carcere
541 1273 697 1306 eximas.

121 1327 329 1362 Brunthus.
349 1328 445 1366 Quin
465 1328 634 1361 abimus?

123 1383 380 1418 Enchusanus.
413 1384 486 1417 Sed
514 1384 621 1420 heus,
655 1383 818 1417 vultisne
851 1383 1024 1417 adhiberi
1057 1386 1245 1426 custodes,
1280 1387 1343 1429 qui
1374 1389 1562 1430 captivum
1593 1388 1715 1423 obser-

78 1440 186 1472 vent?

122 1493 329 1529 Brunthus.
350 1494 481 1529 Plane.
501 1495 576 1528 Vos
594 1504 679 1529 eum
701 1496 941 1529 observatote
960 1495 1177 1539 diligenter.

580 1572 706 1606 Primi
729 1571 842 1606 liuius
866 1582 1082 1616 conyressus
1105 1573 1208 1617 finis.

334 1715 502 1760 [Tweede
527 1716 818 1762 ondervrayz'nq‚
846 1717 886 1750 Η
909 1716 989 1751 Juli
1015 1718 1115 1757 4525,
1142 1717 1168 1752 ’s
1192 1719 1450 1765 narniddays]

83 1801 306 1847 Congressus
334 1801 440 1841 alter,
470 1811 597 1835 coram
623 1801 756 1835 iisdem
785 1801 1072 1846 inquisitoribus
1096 1802 1258 1844 habitus,
1278 1804 1409 1848 pridie
1433 1805 1517 1840 idus
1539 1807 1664 1840 Julias
1691 1819 1715 1842 a

120 1857 305 1902 prandio;
338 1868 429 1892 nam
466 1857 513 1900 tjs
552 1862 631 1890 tum
662 1857 860 1891 sistebatur
890 1859 1027 1891 iterum
1072 1858 1281 1893 IVordenas
1319 1865 1444 1895 noster
1480 1861 1715 1907 compedibus

122 1914 282 1947 vinctus.

125 2001 337 2034 Montanus.
359 2000 462 2039 Quae
481 2001 549 2033 tibi
567 2010 665 2033 nune
684 2001 758 2033 stat
775 2002 985 2034 sententia?
1003 2002 1092 2043 quid
1110 2003 1226 2035 animi
1243 2004 1322 2037 est?-

131 2055 348 2090 Wordenas.
368 2057 554 2098 Equidem
571 2057 670 2089 bono
688 2066 770 2089 sum
789 2057 928 2089 auimo.

123 2112 336 2146 Montanus.
355 2113 526 2146 Rectene
545 2113 668 2145 tecum
685 2112 827 2153 putasti
845 2113 1013 2146 rationes
1032 2116 1184 2148 omnes'.2

131 2166 348 2201 Wordenas.
367 2168 488 2201 Recte
507 2168 644 2199 omnia.

127 2223 339 2257 Montanus.
374 2223 470 2261 Quid
504 2225 616 2265 ergo?
648 2223 947 2264 respondebisne
978 2225 1126 2258 tandem
1157 2226 1375 2268 propositae
1409 2227 1477 2260 tibi
1505 2229 1716 2269 quaestioni

81 2288 195 2321 super
212 2281 276 2312 tuo
294 2279 471 2321 coniugio
482 2279 493 2310 ’.ῑ

132 2333 351 2367 II'ordenas.
381 2334 648 2375 Respondebo,
680 2334 745 2366 sed
774 2334 909 2375 quibus
939 2334 1017 2366 dixi
1050 2334 1207 2378 legibus,
1241 2346 1376 2379 nempe
1408 2339 1450 2370 ut
1480 2341 1716 2374 accusatores

81 2391 155 2422 mei
173 2390 431 2431 producantur
447 2390 566 2431 prius.

124 2445 338 2478 Montanus.
358 2445 429 2477 Vin
449 2445 516 2477 tibi
535 2454 608 2477 uno
628 2445 742 2477 verbo
761 2445 884 2476 dicam
902 2446 1001 2486 quod
1018 2454 1079 2478 res
1097 2448 1177 2479 est?

132 2500 349 2534 Wordenas.
369 2501 486 2533 Licet.

124 2555 337 2589 Montanus.
369 2556 451 2589 Nisi
481 2558 520 2588 tu
550 2556 658 2588 nobis
688 2555 829 2588 diserte
859 2557 1115 2597 responderis,
1147 2558 1191 2590 ad
1220 2558 1512 2600 imperatorium
1540 2560 1716 2595 Senatum

82 2620 104 2644 a
117 2611 224 2644 nobis
241 2610 490 2653 relegaberis,
505 2612 546 2644 ut
558 2610 610 2644 ibi
627 2610 682 2643 vel
698 2612 896 2643 tormentis
910 2612 1081 2649 tenteris,
1096 2612 1154 2646 vel
1169 2613 1313 2647 ultimis
1327 2615 1491 2649 afficiare
1506 2616 1713 2659 supplicijs.

81 2667 255 2709 Agedum
275 2677 282 2699 :
301 2667 437 2700 aceede
454 2667 610 2708 propius
628 2666 674 2699 ad
690 2675 750 2699 me
765 2666 825 2708 (1).
846 2667 941 2704 Quid
960 2668 1163 2709 respondes
1183 2670 1352 2702 tandem?-

133 2721 351 2756 Wordenas.
380 2722 471 2755 Cum
495 2722 638 2755 iudices
667 2722 761 2760 sitis,
789 2722 956 2755 demiror
980 2732 1044 2755 vos
1070 2724 1145 2756 tam
1170 2724 1362 2758 hostiliter
1388 2726 1425 2759 in
1450 2735 1510 2760 me
1525 2722 1715 2762 'miserum

82 2786 243 2811 irruere.

127 2923 174 2965 (1)
200 2924 245 2955 In
269 2923 439 2965 maryine
457 2932 465 2955 τ
492 2923 648 2956 Accedit
665 2922 844 2956 Montano
862 2924 1017 2966 propius
1036 2925 1082 2957 ad
1099 2924 1232 2958 levam.
