2096 3481
328 312 369 345 54
1017 306 1155 342 ANNO
1181 307 1264 341 1521

325 422 513 463 principes
541 420 765 458 saeculares,
797 420 945 460 duoque
968 419 1161 452 civitatum
1186 419 1349 457 nomine,
1376 418 1571 451 universos
1597 418 1747 451 ordines
1772 419 1810 450 ct
1833 418 1952 450 status

324 477 420 509 sacri
444 476 604 508 Romani
630 475 778 516 imperii
805 475 1146 515 repraesentantes
1173 475 1212 507 ct
1232 474 1278 506 ad
1302 474 1373 506 hoc
1389 473 1578 506 communi
1603 473 1769 505 omnium
1791 473 1897 514 jussu
1915 472 1954 505 et

326 531 474 563 nomine
498 531 678 572 deputati,
698 530 827 562 vocato
854 529 898 561 ad
923 538 963 561 se
988 528 1150 561 Martino
1173 529 1379 570 praedicto.
1408 528 1551 560 nullum
1575 537 1648 560 non
1674 527 1898 560 admonendi
1915 527 1954 560 et

325 585 548 618 adhortandi
581 594 678 620 cum.
713 586 754 617 ut
786 584 934 616 tandem
961 583 1215 625 resipisceret,
1245 584 1284 615 et
1312 584 1383 615 nisi
1412 583 1448 615 id
1476 584 1629 621 faceret,
1660 591 1754 623 quae
1782 582 1904 624 ipsum
1931 590 1954 614 a

324 641 430 673 nobis
458 642 497 672 ct
522 649 628 672 sacro
657 639 814 680 imperio
843 638 1045 680 legumque
1075 638 1406 670 constitutionibus
1433 646 1576 679 poenae
1592 637 1799 675 manerent,
1833 636 1952 669 decla-

324 695 431 727 randi
473 695 637 727 officium
676 696 819 726 frustra
852 693 1146 734 insumpserunt.
1184 693 1286 725 Unus
1321 693 1434 725 etiam
1469 692 1636 733 eiusdem
1672 692 1768 724 sacri
1803 691 1952 733 imperii

323 750 476 784 elector.
511 749 688 781 adhibitis
721 757 846 781 secum
880 747 1024 779 duobus
1057 747 1272 779 doctoribus
1314 748 1455 789 pietate
1481 749 1519 780 et
1546 747 1703 779 scientia
1732 745 1949 788 praeclaris,

323 815 396 837 non
413 804 535 837 solum
552 803 890 840 adhortationibus,
915 802 980 834 sed
1005 802 1118 834 etiam
1142 801 1347 834 multorum
1371 811 1544 834 errorum
1568 801 1803 834 evidentibus
1826 801 1953 833 redar-

322 859 551 901 gutionibus,
586 860 631 891 ad
670 859 787 899 ipsius
820 866 939 897 usque
979 857 1315 889 obmutescentiam
1353 857 1474 895 factis,
1515 866 1601 889 mox
1633 856 1791 889 seorsim
1828 855 1951 897 ipsum

321 915 528 955 prudenter
554 916 592 945 et
616 914 778 946 humane
803 911 1102 949 commonefecit,
1128 913 1170 944 ut
1193 912 1239 944 ad
1263 912 1397 944 summi
1418 912 1606 953 pontificis
1631 912 1668 943 et
1690 911 1789 943 sedis
1806 911 1951 952 aposto-

320 968 415 1002 licae
433 971 721 1009 nostrorumque
735 969 773 1000 et
795 967 892 1000 sacri
916 967 1065 1008 imperii
1090 967 1253 999 statuum
1272 968 1310 999 et
1321 968 1555 1000 caeterarum
1578 966 1745 1000 fidelium
1758 965 1951 998 nationum

321 1033 449 1056 sanam
481 1023 719 1059 sententiam,
753 1023 860 1063 juxta
891 1021 1149 1053 continuatum
1181 1022 1237 1053 tot
1268 1021 1427 1054 saeculis
1459 1021 1639 1054 ecelesiae
1677 1022 1791 1054 ritum
1825 1022 1949 1062 potius

321 1088 431 1120 quam
456 1078 501 1110 ad
530 1088 633 1110 suam
663 1078 772 1109 unius
801 1077 1017 1118 opinionem
1040 1077 1258 1117 respiceret.
1284 1077 1317 1109 A
1341 1086 1414 1117 qua
1438 1077 1469 1108 si
1496 1077 1688 1114 recedens,
1714 1076 1752 1108 in
1779 1076 1949 1109 ordinem

319 1134 445 1166 redire
476 1133 601 1168 vellet.
636 1133 671 1164 id
705 1142 744 1164 se
779 1132 942 1173 primum
974 1130 1241 1163 nonnullorum
1276 1132 1491 1163 sanctorum
1518 1132 1679 1173 patrum,
1713 1131 1777 1172 qui
1808 1132 1847 1164 et
1877 1131 1949 1172 ipsi

320 1188 520 1229 aliquando
548 1188 782 1224 erraverunt,
812 1185 992 1219 laudabili
1024 1185 1210 1227 exemplo,
1245 1186 1380 1219 deinde
1411 1185 1524 1218 salvis
1556 1186 1691 1224 anima,
1725 1195 1884 1228 corpore
1911 1186 1951 1218 et

320 1243 476 1279 honore,
511 1244 696 1275 facturum
732 1242 991 1284 cognosceret.
1032 1241 1089 1273 Ad
1129 1250 1224 1281 quae
1264 1241 1449 1273 Martinus
1485 1241 1706 1279 antedictus,
1742 1241 1815 1274 etsi
1845 1241 1950 1273 varia

319 1298 498 1339 pleraque
522 1300 560 1330 ct
588 1297 746 1334 diversa,
777 1305 936 1336 cumque
960 1296 1027 1334 eis,
1059 1305 1154 1336 quae
1183 1295 1397 1337 scripserat,
1427 1296 1646 1338 pugnantia,
1676 1295 1795 1328 nihilo
1824 1297 1948 1328 tamen

318 1352 476 1385 meliora
514 1353 578 1384 aut
615 1352 766 1384 saniora
803 1351 978 1392 privatim
1013 1351 1220 1392 respondit,
1263 1359 1374 1391 quam
1411 1350 1561 1392 publice
1600 1359 1726 1383 coram
1764 1351 1872 1383 nobis
1911 1352 1950 1384 et

318 1417 423 1440 sacro
448 1407 606 1448 imperio
631 1407 785 1439 fecerat.
804 1406 927 1446 Atque
945 1406 1038 1438 adeo
1056 1414 1096 1438 se
1113 1415 1188 1437 non
1206 1414 1335 1438 omnes
1359 1406 1470 1437 modo
1495 1414 1609 1447 supra
1624 1406 1862 1444 memoratos,
1881 1406 1948 1439 sed

317 1464 355 1495 et
370 1462 571 1494 concilium
599 1462 720 1502 ipsum
745 1460 924 1503 generale
951 1461 998 1501 (si
1025 1461 1125 1501 quod
1153 1460 1276 1501 fieret)
1305 1461 1520 1501 suspectum
1549 1460 1688 1493 habere
1715 1461 1946 1502 protestatus

316 1519 385 1549 est.
415 1517 463 1550 Et
490 1518 545 1558 (ut
572 1516 781 1549 certissimo
807 1517 845 1548 et
872 1516 973 1547 omni
1002 1515 1223 1556 exceptione
1251 1515 1387 1556 majori
1412 1515 1626 1548 testimonio
1656 1515 1763 1548 nobis
1787 1516 1945 1557 constat)

315 1571 565 1614 pollutissimo
595 1572 633 1603 ct
660 1571 951 1603 sceleratissimo
980 1579 1046 1603 ore
1073 1570 1217 1611 profari
1241 1579 1316 1602 non
1344 1571 1402 1603 est
1424 1571 1578 1609 veritus,
1608 1579 1669 1603 res
1694 1570 1881 1613 evangelii
1907 1572 1947 1604 et

314 1627 521 1659 catholicae
539 1626 627 1659 fidei
644 1635 833 1667 nunquam
857 1626 974 1658 fuisse
998 1626 1037 1657 in
1060 1625 1230 1657 conciliis
1247 1625 1487 1667 generalibus
1509 1626 1605 1658 bene
1627 1626 1816 1658 tractatas.
1836 1625 1945 1659 Unde

315 1691 388 1714 non
415 1682 557 1723 injuria
582 1681 786 1723 plurimum
825 1680 933 1713 nobis
963 1680 1095 1713 mirari
1134 1680 1290 1718 subiret,
1320 1689 1387 1712 cur
1415 1689 1500 1713 nam
1527 1689 1549 1713 a
1582 1681 1717 1713 summi
1755 1681 1944 1723 pontificis

314 1737 512 1775 sententia,
547 1737 593 1768 ad
624 1735 802 1778 generale
833 1735 1034 1768 concilium
1073 1744 1193 1777 nuper
1222 1735 1448 1777 provocarit,
1486 1745 1600 1776 quum
1631 1736 1707 1768 tam
1743 1736 1858 1777 impie
1897 1736 1943 1768 de

313 1791 482 1823 conciliis
499 1791 590 1832 ipsis
615 1791 790 1831 loquatur
815 1792 853 1823 et
876 1790 1028 1828 scribat,
1048 1790 1120 1822 nisi
1144 1790 1344 1823 manifeste
1360 1790 1554 1829 sciremuS,
1572 1791 1614 1823 ut
1630 1790 1724 1823 nihil
1741 1790 1942 1824 haereticis

313 1856 430 1887 aeque
447 1845 685 1878 formidabile
702 1847 814 1886 atquc
832 1845 1114 1878 oecumenicum
1131 1844 1331 1877 concilium
1350 1854 1358 1876 :
1384 1845 1438 1877 ita
1461 1845 1555 1877 nihil
1572 1845 1648 1878 illis
1664 1845 1799 1879 iisdem
1821 1846 1943 1888 magis

310 1901 505 1942 proprium
533 1910 627 1939 esse,
658 1909 769 1941 quam
801 1902 842 1932 ut
870 1900 979 1932 dictis
1006 1900 1192 1940 factisque
1220 1901 1259 1932 et
1287 1900 1437 1941 scriptis
1467 1909 1594 1933 secum
1621 1901 1694 1942 ipsi
1722 1901 1939 1934 dissideant.

312 1956 417 1994 Quod
449 1956 480 1987 si
509 1965 664 1996 usquam
692 1955 794 1993 alibi,
827 1956 1030 1996 praecipue
1057 1955 1096 1987 in
1124 1955 1283 1987 Lutheri
1311 1955 1418 1987 libris
1451 1955 1592 1997 (divina
1621 1956 1859 1997 providentia
1889 1956 1943 1988 sic

311 2012 501 2052 operante,
521 2020 593 2051 quo
611 2011 728 2052 ipsius
746 2019 842 2043 vana
858 2010 1030 2043 aedificia
1045 2019 1113 2051 per
1130 2019 1170 2042 se
1186 2010 1312 2051 ruant)
1329 2010 1468 2052 passim
1485 2010 1614 2053 legere
1631 2011 1669 2043 et
1680 2011 1808 2044 videre
1821 2011 1889 2044 est.

354 2066 420 2098 His
442 2066 615 2098 omnibus
640 2067 678 2098 et
702 2065 862 2107 singulis
888 2065 942 2097 sic
959 2065 1124 2103 omnino,
1144 2066 1185 2097 ut
1208 2065 1477 2106 praemittitur,
1504 2074 1544 2098 se
1569 2066 1806 2105 habentibUS‚
1827 2076 1941 2108 quum

308 2121 521 2162 praedictus
540 2121 725 2153 Martinus
750 2121 826 2153 tam
850 2129 1028 2162 perverse
1052 2122 1090 2153 et
1114 2120 1302 2153 obstinate
1326 2121 1364 2152 in
1389 2121 1466 2153 suis
1484 2121 1576 2153 adeo
1595 2122 1794 2154 manifeste
1811 2122 1941 2155 haere-

309 2176 391 2207 ticis
416 2176 656 2216 opinionibus
680 2167 984 2217 persisteret,'ut
1000 2176 1045 2208 ab
1072 2176 1243 2207 omnibus
1268 2175 1327 2213 iis,
1355 2175 1418 2216 qui
1443 2176 1605 2217 sapiunt,
1624 2177 1762 2217 partim
1787 2177 1940 2210 demens

308 2231 444 2271 partim
469 2231 583 2263 etiam
607 2230 705 2263 malo
731 2230 856 2271 aliquo
887 2230 1060 2263 obsessus
1089 2230 1225 2271 spiritu
1251 2230 1496 2271 judicaretur,
1526 2239 1607 2269 nos,
1635 2232 1744 2272 juxta
1769 2233 1940 2265 tenorem

307 2285 399 2317 salvi
416 2286 635 2323 conductus,
662 2286 784 2326 ipsum
813 2285 941 2317 statim
969 2295 990 2318 a
1016 2286 1219 2326 conspectu
1248 2285 1377 2317 nostro
1401 2285 1557 2317 missum
1580 2286 1750 2325 fecimus,
1778 2287 1939 2329 datoque

306 2340 377 2372 sibi
394 2340 431 2371 in
449 2341 628 2372 comitatu
648 2350 722 2372 uno
741 2349 787 2373 ex
801 2340 968 2373 heraldis
986 2340 1137 2378 nostris,
1153 2342 1191 2372 et
1207 2340 1440 2381 praescripto
1458 2341 1631 2379 termino,
1652 2350 1674 2374 a
1690 2342 1750 2374 die
1762 2342 1940 2375 vicesima

306 2395 436 2435 quinta
452 2395 590 2427 mensis
607 2395 761 2436 Aprilis,
789 2405 862 2436 qua
878 2405 924 2428 ex
940 2395 1159 2429 Wormacia
1182 2395 1365 2433 discessit,
1392 2395 1439 2427 ad
1462 2395 1597 2438 viginti
1616 2396 1750 2430 deinde
1767 2397 1938 2438 proxime

305 2451 451 2481 futuros
484 2450 575 2488 dies,
611 2450 746 2491 quibus
778 2451 954 2492 peractis,
989 2460 1063 2483 una
1093 2450 1217 2483 salvus
1246 2450 1451 2482 conductus
1478 2453 1654 2492 peractus
1681 2454 1720 2484 et
1750 2452 1937 2485 extinctus

304 2506 535 2537 conseretur.
562 2505 671 2538 Nunc
688 2506 839 2538 tandem
864 2506 910 2538 ad
933 2505 1100 2546 reliquas
1125 2506 1356 2547 opportunas
1379 2504 1558 2544 medelas,
1585 2506 1673 2538 huic
1694 2506 1937 2548 pestillentis-

305 2559 398 2591 simo
415 2560 546 2592 morbo
561 2555 863 2599 necessarias,“in
881 2560 992 2599 hunc,
1013 2561 1077 2601 qui
1093 2561 1265 2601 sequitur
1281 2560 1444 2598 modum,
1463 2561 1671 2602 procedere
1688 2562 1933 2595 decrevimus.

349 2614 518 2647 Primum
547 2615 724 2653 omnium,
752 2616 797 2648 ad
825 2615 1007 2648 honorem
1030 2616 1099 2648 Dei
1127 2615 1395 2657 omnipotentis
1410 2615 1647 2658 Romanique
1678 2617 1867 2659 pontificis
1899 2618 1937 2650 et

307 2671 456 2701 sanctae
473 2670 571 2702 sedis
585 2670 814 2711 apostolicae
829 2670 992 2703 debitam
1009 2671 1274 2709 reverentiam,
1299 2679 1367 2712 pro
1381 2671 1588 2712 imperialis
1605 2672 1799 2714 dignitatis
1812 2673 1934 2705 officio

307 2732 349 2755 ac
373 2724 497 2756 debito
527 2734 670 2757 necnon
695 2725 773 2758 zelo
799 2727 836 2758 et
860 2725 997 2763 studio,
1028 2735 1100 2766 quo
1125 2726 1340 2758 nostrorum
1363 2726 1547 2767 maJ'orum
1570 2735 1675 2759 more
1702 2728 1740 2759 et
1766 2727 1936 2770 ingenita

307 2778 419 2809 etiam
449 2779 554 2810 nobis
578 2780 625 2817 vi,
656 2781 701 2811 ad
727 2778 986 2813 defensionem
1011 2780 1218 2813 catholicae
1242 2781 1331 2813 fidei
1353 2782 1577 2822 sanctaeque
1592 2781 1785 2814 Romanae
1802 2783 1839 2814 et
1856 2783 1935 2814 uni-

306 2832 461 2864 versalis
478 2833 658 2867 ecclesiae
683 2835 878 2873 honorem,
906 2835 1061 2868 tutelam
1085 2837 1124 2868 et
1149 2836 1433 2877 protectionem,
1453 2845 1581 2868 omnes
1605 2837 1752 2869 nostras
1774 2837 1873 2870 vires
1897 2838 1935 2870 et

305 2886 513 2924 facultates,
548 2889 758 2929 imperium,
792 2898 922 2932 regna,
962 2890 1138 2927 dominia,
1180 2891 1331 2928 amicos,
1364 2891 1479 2923 vitam
1510 2891 1671 2932 denique
1702 2892 1740 2923 et
1771 2892 1933 2924 animam

307 2941 426 2982 ipsam
457 2944 623 2975 nostram
654 2953 843 2984 exponere
873 2954 1000 2977 sumus
1032 2945 1166 2986 parati,
1199 2955 1246 2978 ex
1276 2945 1464 2987 imperiali
1496 2947 1534 2979 et
1562 2946 1670 2988 regia
1704 2946 1932 2980 authoritate

309 3004 454 3028 necnon
488 2997 644 3030 consilio
680 3000 718 3031 et
748 3007 902 3032 assensu
933 2999 1152 3039 electorum,
1185 3002 1224 3033 et
1254 3001 1420 3034 omnium
1456 3001 1553 3034 sacri
1590 3000 1752 3034 Romani
1782 3001 1932 3043 imperii
