2096 3481
333 220 375 253 50
1025 220 1161 254 ANNO
1190 221 1270 254 1521

332 338 418 361 suos
449 337 644 361 revocasse
676 331 713 361 et
745 328 789 360 ad
823 329 1092 369 poenitentiam
1121 330 1279 363 rediisse
1308 330 1508 367 docuisset,
1543 331 1584 362 ut
1615 329 1894 364 inobedientiae
1927 332 1966 364 et

331 384 539 424 iniquitatis
564 383 694 422 filium,
723 385 762 415 ut
785 382 1065 417 schismaticum
1090 387 1128 417 et
1151 385 1384 418 haereticum
1408 385 1453 417 ab
1478 385 1651 418 omnibus
1676 386 1890 418 evitandum
1912 387 1962 425 et,

330 440 442 479 prout
463 439 549 479 Jura
571 438 775 479 postulant,
801 438 1032 479 puniendum
1057 439 1262 472 declaravit
1287 441 1354 473 sub
1379 440 1511 482 poenis
1537 441 1574 473 et
1598 441 1779 479 censuriS,
1806 449 1902 482 quae
1925 441 1965 473 in

330 492 545 533 apostolicis
562 492 695 531 literis,
721 492 824 524 bulla
847 492 1023 534 plumbea
1046 495 1299 533 communitis,
1331 496 1369 527 et
1393 503 1508 536 super
1534 494 1604 527 hac
1629 504 1670 527 re
1709 495 1821 528 editis
1851 495 1964 528 latius

329 548 581 580 continentur.
619 547 718 586 Quas
751 548 796 579 ad
837 557 916 586 nos,
957 549 1088 590 utpote
1119 549 1350 582 christianae
1390 550 1478 582 fidei
1510 559 1639 582 verum
1672 551 1710 582 et
1747 558 1965 591 supremum

328 604 649 644 propugnatorem
688 605 726 635 et
760 603 859 635 sedis
899 603 1127 645 apostolicae
1167 606 1393 646 sanctaeque
1431 605 1627 637 Romanae
1665 606 1703 637 et
1741 604 1964 637 universalis

329 657 510 690 ecclesiae
534 658 755 698 primarium
780 657 899 690 filium
924 659 963 691 et
986 659 1207 692 advocatum
1230 669 1298 701 per
1316 669 1424 692 suum
1449 661 1488 693 et
1504 660 1627 692 dictae
1644 659 1744 692 sedis
1762 659 1965 701 specialem

327 713 504 744 nuncium
529 716 567 745 et
584 715 771 745 oratorem
786 713 833 754 (l)
859 713 986 745 dedita
1009 714 1055 746 ad
1080 714 1150 746 hoc
1175 724 1291 756 opera
1315 715 1430 754 misit,
1456 716 1589 757 petens
1615 716 1727 756 atque
1750 715 1962 756 requirens,

326 769 367 799 ut
383 776 451 808 pro
470 767 593 800 officio
611 777 653 800 ac
671 768 796 800 debito
813 768 1022 809 imperialis
1047 769 1255 811 dignitatis,
1275 770 1313 803 in
1331 771 1508 803 universo
1526 770 1689 812 primum
1705 769 1964 802 Romanorum

326 822 497 863 imperio,
528 823 662 855 deinde
691 823 804 863 (quod
832 823 1059 856 catholicum
1086 833 1217 866 regem
1245 826 1283 857 et
1310 825 1560 858 christianum
1592 824 1804 867 principem
1842 824 1964 865 decet)

325 877 363 909 in
396 878 556 909 caeteris
585 878 697 910 etiam
726 878 868 920 regnis,
899 879 1075 911 dominiis
1107 881 1145 912 et
1176 880 1381 921 provinciis
1414 881 1566 918 nostris,
1602 881 1640 912 et
1669 879 1894 921 praesertim
1924 879 1964 911 in

326 933 538 970 Germania,
568 933 750 974 praestito
778 933 816 965 in
846 933 1027 966 auxilium
1060 934 1148 967 fidei
1180 934 1390 968 catholicae
1422 935 1577 968 brachio
1610 934 1808 973 saeculari,
1840 934 1967 966 omnia

326 989 364 1018 et
387 987 538 1029 singula
565 988 602 1019 in
629 988 704 1028 ‚iam
731 988 839 1019 dictis
868 987 1006 1021 litteris
1031 988 1249 1031 apostolicis
1274 991 1453 1023 contenta
1477 989 1748 1023 inviolabiliter
1772 989 1965 1022 observari

326 1044 364 1073 et
381 1043 595 1074 executioni
612 1043 782 1075 mandari
799 1043 1030 1084 juberemus

370 1097 462 1129 Post
485 1106 577 1138 quas
594 1098 744 1138 quidem
762 1099 954 1139 praedicto
973 1099 1136 1132 Martino
1161 1100 1279 1133 factas
1297 1109 1319 1133 a
1335 1109 1480 1133 summo
1498 1100 1678 1142 pontifice
1702 1099 1962 1138 monitionem,

325 1153 572 1191 vocationem,
603 1153 819 1186 citationem
848 1155 886 1186 et
910 1154 1028 1195 ipsius
1053 1156 1204 1188 tandem
1229 1156 1595 1194 condemnationem,
1622 1164 1768 1188 necnon
1792 1163 1965 1196 praesen-

325 1209 422 1239 tatas
454 1208 561 1239 nobis
593 1208 762 1249 ejusdem
792 1209 1002 1242 beatissimi
1040 1211 1159 1251 patris
1191 1210 1322 1243 literas
1354 1210 1572 1251 bullamque
1604 1209 1862 1252 apostolicam,
1895 1219 1964 1251 per

325 1263 430 1294 varia
453 1264 491 1295 et
515 1263 663 1295 diversa
686 1263 770 1295 loca
793 1264 1016 1297 Germaniae
1039 1265 1282 1306 publicatam,
1309 1267 1347 1298 et
1371 1267 1499 1298 nostro
1517 1266 1623 1307 jussu
1640 1266 1678 1298 et
1695 1265 1870 1297 mandato
1888 1274 1962 1296 non

325 1317 447 1349 solum
470 1318 626 1350 Lovanii
650 1319 687 1350 in
712 1319 957 1352 inferioribus
983 1321 1159 1353 dominiis
1184 1321 1338 1360 nostris,
1357 1330 1488 1354 verum
1506 1322 1544 1353 et
1561 1320 1752 1359 Coloniae,
1773 1320 1961 1358 Treveris,

325 1372 557 1414 Moguntiae,
576 1373 707 1406 Leodii
731 1375 945 1407 executioni
970 1375 1244 1413 demandatam,
1264 1377 1410 1408 tantum
1435 1376 1567 1414 abfuit,
1595 1377 1637 1408 ut
1660 1376 1760 1408 idem
1777 1375 1963 1408 Martinus

324 1428 565 1468 resipisceret
589 1431 788 1469 errataque
813 1439 880 1462 sua
892 1432 1088 1463 revocaret
1112 1433 1161 1470 et,
1187 1432 1308 1472 petita
1331 1431 1580 1464 absolutionis
1605 1431 1725 1468 venia,
1745 1431 1784 1462 in
1801 1430 1963 1472 gratiam

324 1492 407 1514 cum
425 1492 569 1515 summo
587 1484 765 1524 pontifice
791 1486 829 1517 et
853 1486 982 1517 sancta
1006 1486 1166 1519 ecclesia
1189 1487 1315 1519 redire
1339 1487 1575 1528 procuraret,
1603 1487 1645 1518 ut
1669 1486 1782 1518 etiam
1808 1485 1965 1518 detesta-

323 1537 478 1571 biliores
506 1539 675 1580 perversi
703 1539 848 1582 ingenii
876 1541 934 1572 sui
962 1542 1107 1573 fructus
1132 1542 1169 1573 in
1195 1542 1275 1574 dies
1300 1542 1431 1575 ederet
1455 1543 1492 1574 et
1516 1541 1674 1582 perinde
1700 1549 1754 1579 ac,
1780 1541 1818 1572 in
1847 1541 1964 1573 mani-

322 1594 457 1625 festam
486 1593 667 1627 ecelesiae
695 1595 915 1636 perniciem,
941 1596 1072 1629 furens
1096 1598 1238 1635 rueret,
1265 1597 1478 1638 complures
1503 1596 1706 1629 acervatim
1733 1595 1864 1634 libros,
1888 1605 1963 1627 non

323 1649 433 1680 modo
460 1658 652 1688 novarum,
679 1651 744 1682 sed
768 1651 882 1683 etiam
907 1660 929 1683 a
953 1652 1069 1683 sacris
1097 1652 1267 1684 conciliis
1292 1652 1382 1684 olim
1407 1653 1740 1684 condemnatarum
1764 1650 1964 1683 haeresum

322 1703 466 1744 plenos,
487 1714 555 1736 nec
572 1705 691 1737 solum
710 1705 856 1744 Latino,
875 1715 1006 1738 verum
1024 1707 1150 1746 etiam,
1170 1709 1211 1739 ut
1226 1707 1376 1740 facilius
1393 1707 1528 1749 vulgus
1545 1707 1795 1749 perverteret,
1813 1705 1962 1738 Alema-

323 1759 407 1790 nico
432 1769 606 1792 sermone
630 1770 652 1792 a
675 1770 714 1793 se
739 1762 979 1802 compositos,
1008 1762 1067 1795 vel
1097 1762 1230 1796 saltem
1255 1773 1322 1795 suo
1351 1763 1503 1795 nomine
1527 1762 1661 1800 editos,
1687 1762 1769 1794 fere
1793 1761 1962 1802 quotidie

323 1814 546 1856 divulgaret.
576 1815 619 1848 In
648 1816 782 1856 quibus
811 1817 922 1858 (bone
950 1818 1065 1859 Deus)
1094 1818 1334 1851 observatum
1364 1819 1408 1850 ab
1434 1817 1595 1851 ecclesia
1616 1817 1694 1859 jam
1718 1818 1775 1849 tot
1798 1815 1960 1848 saeculis

323 1871 465 1910 septem
490 1873 810 1903 sacramentorum
836 1881 1045 1911 numerum,
1073 1874 1256 1911 ordinem,
1283 1883 1391 1905 usum
1418 1873 1587 1914 dissipat,
1607 1872 1816 1910 confundit,
1836 1871 1960 1903 detur-

322 1927 397 1965 pat,
431 1925 630 1958 inviolatas
661 1927 893 1959 matrimonii
921 1927 1026 1969 leges
1053 1928 1160 1960 miris
1188 1929 1310 1961 modis
1338 1929 1556 1961 foedissime
1584 1928 1718 1966 inficit,
1752 1927 1961 1960 extremam

322 1980 537 2012 unctionem
579 1990 663 2013 cum
705 1981 867 2023 Vigleffo
912 1983 1107 2016 fictionem
1150 1984 1259 2021 dicit,
1306 1983 1640 2016 communicandae
1683 1981 1959 2015 sacratissimae

322 2035 573 2068 eucharistiae
604 2037 718 2068 ritum
751 2037 797 2069 ad
829 2038 1004 2070 damnata
1035 2038 1290 2071 Bohemorum
1322 2040 1474 2071 revocat
1505 2038 1691 2077 instituta,
1722 2038 1768 2070 ad
1797 2037 1960 2069 saluber-

321 2090 455 2122 rimam
479 2092 742 2124 contaminatis
766 2095 919 2133 peccato
944 2094 1132 2126 mentibus
1157 2094 1435 2126 confessionem
1459 2094 1623 2134 primum
1647 2093 1701 2126 ita
1723 2092 1892 2130 involvit,
1918 2093 1960 2123 ut

322 2146 581 2179 confusionem
599 2156 681 2179 eam
697 2156 717 2179 c
734 2148 971 2181 confessione
995 2150 1141 2188 feccrit,
1167 2159 1254 2181 mox
1279 2150 1393 2181 etiam
1418 2157 1556 2190 magna
1578 2149 1617 2180 in
1642 2149 1750 2189 parte
1767 2147 1957 2185 convellit,

322 2203 512 2241 postremo
546 2202 666 2234 adhuc
698 2203 830 2243 pejora
861 2213 900 2235 se
933 2205 979 2236 de
1007 2214 1052 2237 ea
1079 2205 1308 2246 scripturum
1337 2205 1514 2236 minatur.
1547 2203 1655 2236 Unde
1684 2202 1856 2235 nonnulli
1882 2203 1959 2243 jam

322 2257 377 2296 (ut-
401 2257 624 2297 accepimus,
652 2258 749 2298 quod
777 2258 834 2290 vel
860 2260 989 2291 auditu
1015 2261 1073 2292 est
1096 2259 1352 2300 intolerabile)
1382 2261 1531 2300 sumpta
1558 2258 1646 2290 hinc
1675 2258 1883 2296 occasione,
1913 2258 1959 2290 de

322 2312 569 2344 confessionis
604 2313 777 2345 instituto
814 2316 851 2346 et
889 2315 999 2346 modo
1040 2315 1238 2357 coeperint
1276 2315 1534 2352 subdubitare,
1576 2313 1640 2346 alii
1675 2312 1886 2346 mutilatam
1921 2314 1960 2345 et

321 2368 493 2399 truncam
523 2368 695 2406 fecerint,
730 2368 795 2400 alii
826 2378 914 2402 vero
948 2370 1058 2411 (proh
1097 2370 1234 2411 scelus)
1274 2372 1312 2402 et
1350 2370 1524 2402 confiteri
1555 2369 1628 2410 ipsi
1660 2369 1887 2407 destiterint,
1921 2369 1960 2400 et

322 2431 556 2462 nequaquam
581 2432 663 2456 esse
687 2424 942 2457 confitendum
966 2425 1116 2466 publice
1142 2434 1312 2458 asserere
1334 2425 1409 2457 sint
1427 2425 1519 2457 ausi.
1540 2424 1662 2456 Porro
1687 2423 1958 2457 sacerdotalem

323 2477 504 2515 ordinem,
535 2479 572 2510 et
599 2487 667 2519 per
699 2479 798 2519 quod
830 2482 1110 2513 sacrosanctum
1143 2480 1284 2514 Christi
1315 2489 1452 2521 corpus
1485 2479 1715 2522 sanguisque
1745 2478 1956 2517 conficitur,

323 2532 488 2565 divinum
513 2533 606 2565 illud
631 2543 766 2566 munus
790 2534 1025 2576 claviumque
1049 2535 1271 2569 coelestium
1287 2536 1515 2577 potestatem
1541 2544 1615 2567 non
1640 2533 1762 2567 solum
1785 2533 1958 2566 vilissimi

321 2588 458 2628 pendit.
482 2588 682 2627 Lutherus,
717 2592 754 2621 et
784 2589 890 2622 laicis
921 2591 1126 2632 puerisque
1155 2593 1267 2632 atque
1296 2591 1389 2623 adeo
1418 2590 1594 2623 foeminis
1624 2590 1717 2631 ipsis
1745 2590 1959 2622 communia

322 2643 431 2682 facit,
458 2643 522 2676 sed
547 2646 585 2676 et
607 2644 758 2677 eosdem
782 2644 898 2677 laicos
923 2646 969 2678 ad
993 2645 1170 2679 lavandas
1195 2646 1267 2679 sibi
1291 2646 1330 2678 in
1355 2645 1594 2678 sacerdotum
1618 2644 1802 2687 sanguine
1824 2653 1957 2677 manus

365 2808 411 2853 (l)
437 2808 494 2850 Bij
529 2809 682 2842 Goldast
712 2810 744 2842 is
775 2811 840 2844 het
870 2811 1057 2854 volgende
1089 2811 1318 2854 biJ‘gevoegd
1347 2821 1356 2844 :
1397 2810 1662 2843 honorabilem
1693 2809 1816 2842 virum
1849 2809 1956 2842 nobis

321 2862 510 2901 dilectum,
537 2864 809 2906 Hieronymum
833 2866 1076 2905 Aleandrum,
1103 2867 1273 2908 ejusdem
1297 2866 1397 2900 sedis
1418 2865 1722 2908 protonotarium
1746 2866 1784 2898 et
1810 2865 1957 2906 aposto-

322 2917 416 2951 licae
429 2918 681 2953 bibliothecae
697 2921 941 2961 praefectum.
