2096 3481
316 309 380 348 344
1013 305 1150 343 ANNO
1178 306 1261 342 1525

316 428 536 464 cognoscam
564 417 783 461 principem,
813 416 876 460 qui
907 426 1020 460 super
1047 417 1276 451 extinctione
1308 416 1406 450 dicte
1435 417 1536 450 secte
1563 415 1769 450 ferventius
1799 425 1859 451 me
1887 423 1930 456 re

316 480 353 509 et
379 475 511 508 effectu
535 473 797 507 elaboraverit.
822 473 880 511 Et,
911 473 952 505 ut
975 472 1012 505 id
1040 473 1269 506 commodius
1293 473 1412 511 fieret,
1437 472 1585 514 justitia
1606 472 1807 510 mediante,
1833 481 1931 506 com-

316 531 505 564 missarios
523 531 598 562 tres
615 528 842 573 spirituales,
864 528 964 560 omni
982 529 1203 570 exceptione
1219 528 1394 569 maj0rcs,
1413 536 1435 560 a
1450 527 1763 560 reverendissimo
1781 527 1930 561 domino

315 584 495 618 cardinali
527 585 571 617 de
603 584 817 625 Campegio,
855 582 980 624 legato
1013 583 1058 615 (lc
1089 582 1207 616 latere
1239 581 1456 616 Sanctitatis
1485 581 1618 615 Vcstre
1649 582 1689 614 in
1719 583 1930 622 Germania,

313 639 521 681 impetravi,
559 638 640 671 loco
673 638 845 680 magistri
876 637 1068 670 Francisci
1101 638 1145 670 de
1177 637 1302 675 Hulst,
1335 637 1444 678 layci,
1488 646 1598 678 quem
1635 646 1703 678 pro
1742 637 1932 671 sedicione

314 694 508 728 evictanda
535 694 578 726 ab
604 693 784 726 exercitio
813 693 911 725 dicte
939 692 1213 725 commissionis
1238 692 1444 725 destituere
1468 691 1721 724 necessarium
1747 692 1830 725 fuit.
1861 691 1932 732 Qui

314 749 464 790 quidem
505 748 752 780 commissarii
795 747 971 779 continuo
1016 747 1195 780 exercitio
1238 747 1335 780 dicte
1373 746 1648 779 commissionis
1685 755 1818 780 vacare
1858 756 1933 780 non

314 804 519 841 cessarunt,
549 803 602 835 sic
630 803 728 844 quod
755 811 851 843 equo
880 803 1012 843 sponte
1040 802 1207 834 currenti
1231 801 1392 834 calcaria
1416 801 1628 834 necessaria
1651 810 1725 834 non
1750 801 1842 843 sint;
1867 801 1934 835 sed

314 859 472 891 forsitan
504 858 633 890 cadem
665 857 849 890 Sanctitas
880 856 1013 889 Vestra
1053 855 1166 899 longe
1205 866 1227 889 a
1264 857 1421 889 veritate
1459 856 1583 897 potuit
1619 856 1828 895 informari,
1864 865 1934 889 nec

316 912 554 946 Hollandiam
582 912 701 954 magis
729 912 865 944 ceteris
892 911 1097 953 provinciis
1128 920 1172 944 eo
1205 911 1361 944 crimine
1391 911 1568 944 infectam
1598 910 1738 945 latrare
1768 911 1932 954 expedit,

315 967 378 1000 ubi
395 966 511 1008 procli
529 967 651 999 dolor!
672 965 813 999 nullam
830 966 1033 999 immunem
1051 966 1222 999 sentiam.

358 1022 496 1054 Verum
521 1023 623 1054 tanta
647 1030 692 1054 ex
716 1021 915 1054 Germania
938 1021 1123 1053 excitatur
1146 1021 1328 1059 confusio,
1354 1022 1406 1060 ut,
1433 1021 1505 1054 nisi
1529 1022 1629 1055 Deus
1653 1021 1734 1063 ipse
1749 1021 1933 1054 maximus

314 1077 519 1118 provideat,
549 1077 664 1109 totam
688 1076 800 1108 fidem
818 1076 984 1108 nostram
1001 1076 1245 1108 christianam
1262 1075 1516 1109 conculcatam
1534 1078 1571 1109 et
1586 1076 1691 1109 humi
1707 1077 1934 1118 prostratam

316 1131 451 1164 nedum
468 1132 588 1169 video,
611 1139 697 1173 ymo
715 1129 801 1163 illos
817 1130 1003 1163 veneficos
1016 1129 1229 1163 lucteristas
1243 1131 1402 1173 grandia
1419 1131 1568 1173 agmina
1580 1131 1739 1164 invicem
1752 1131 1934 1164 facientes

314 1186 454 1227 patrias
483 1194 611 1218 omnes
639 1185 827 1224 invadere,
855 1184 999 1217 nobiles
1026 1185 1197 1218 occidere
1226 1186 1263 1218 et
1291 1186 1403 1218 armis
1432 1194 1474 1218 ac
1500 1186 1670 1227 potentia
1692 1186 1778 1219 voto
1802 1194 1934 1219 eorum

315 1241 498 1279 subicere,
527 1239 751 1281 templaque,
782 1241 986 1272 conventus
1016 1241 1054 1273 et
1079 1240 1201 1272 castra
1231 1249 1378 1282 rapere,
1408 1239 1571 1281 spoliare
1599 1242 1637 1274 et
1663 1240 1743 1273 solo
1772 1249 1932 1283 equareg

315 1296 406 1328 adeo
435 1295 534 1336 quod
561 1295 772 1328 necessario
801 1295 955 1336 expedit
983 1294 1227 1328 Sanctitatem
1254 1294 1439 1332 Vestram,
1468 1295 1567 1328 vices
1594 1294 1733 1329 Christi
1760 1295 1798 1328 in
1822 1295 1935 1329 terris

315 1352 522 1393 gerentem,
555 1350 745 1392 principes
774 1359 902 1381 omnes
934 1350 1159 1382 christianos
1186 1350 1225 1382 in
1253 1359 1368 1382 unum
1394 1358 1600 1383 convocare
1628 1351 1666 1383 et
1693 1350 1738 1383 de
1764 1350 1932 1383 remedio

316 1406 500 1447 oportuno
518 1404 715 1438 consulere
739 1405 777 1437 et
799 1404 1010 1446 providere.
1030 1404 1111 1447 Ego
1125 1405 1225 1437 enim
1243 1405 1439 1437 Cesaream
1457 1405 1691 1446 Majestatem
1714 1413 1783 1446 pro
1808 1405 1934 1438 debito

314 1469 397 1492 meo
423 1460 468 1492 de
492 1460 565 1492 hiis
589 1460 789 1492 certiorem
812 1459 897 1497 feci,
925 1468 1069 1491 necnon
1093 1460 1404 1500 quemadmodum
1421 1459 1606 1492 Sanctitas
1622 1459 1756 1493 Vestra
1772 1460 1936 1502 superio-

315 1515 418 1547 ribus
442 1515 572 1547 diebus
595 1523 663 1556 per
686 1513 832 1546 litteras
856 1523 941 1546 suas
965 1514 1004 1546 in
1028 1515 1150 1547 forma
1173 1514 1297 1547 brevis
1322 1514 1681 1547 reverendissimum
1704 1514 1934 1548 cardinalem

314 1569 560 1602 Leodiensem
590 1570 778 1611 prefatum
808 1568 880 1601 hiis
911 1569 949 1600 in
980 1569 1195 1610 provinciis,
1230 1568 1347 1601 tutele
1378 1578 1462 1602 mee
1497 1569 1663 1608 creditis,
1697 1569 1933 1611 superinten-

317 1625 466 1657 dentem
483 1625 520 1657 et
535 1625 753 1666 precipuum
771 1623 882 1664 hujus
899 1624 999 1656 secte
1016 1624 1267 1656 correctorem
1283 1624 1505 1665 prefecerat.
1533 1623 1696 1665 Sumque
1718 1624 1933 1665 expectans,

316 1680 357 1711 ut
383 1688 451 1721 par
479 1680 548 1716 est,
575 1679 740 1720 jussibus
769 1687 834 1710 sue
863 1678 1071 1719 Majestatis
1099 1679 1140 1711 ut
1165 1687 1331 1720 paream,
1358 1687 1425 1711 nec
1448 1678 1601 1711 interim
1625 1679 1836 1717 obmictam‚
1862 1688 1935 1720 que

315 1734 361 1767 ad
385 1734 673 1775 extirpationem
690 1733 791 1765 illius
815 1732 1012 1766 maledicte
1037 1733 1075 1765 et
1096 1733 1226 1766 rabide
1250 1734 1350 1766 seete
1375 1734 1546 1772 attinent,
1565 1742 1676 1775 posse
1698 1733 1837 1767 ‚Jhesus
1854 1733 1934 1776 (sic)

315 1788 532 1830 adimplere,
562 1790 603 1820 ut
629 1787 741 1820 latius
767 1788 897 1820 eadem
922 1787 1106 1820 Sanctitas
1130 1788 1265 1821 Vestra
1288 1787 1332 1820 ab
1357 1787 1612 1821 illustrissimo
1638 1788 1731 1821 duce
1759 1788 1806 1821 de
1829 1787 1932 1827 Sesa,

316 1843 414 1885 apud
445 1843 722 1876 Beatitudinem
748 1842 921 1875 Vestram
949 1842 1107 1875 Cesareo
1140 1844 1302 1882 oratore,
1334 1842 1535 1885 intelliget.
1570 1843 1638 1876 Cui
1669 1842 1820 1876 nomine
1849 1851 1934 1875 meo

316 1899 427 1930 fidem
455 1897 645 1930 indubiam
671 1897 865 1939 prestabit.
890 1897 1046 1939 Rogans
1071 1898 1190 1930 Deum
1215 1898 1522 1939 omnipotentem,
1546 1898 1588 1931 ut
1611 1897 1768 1931 eandem
1793 1896 1935 1931 Sancti-

317 1954 432 1986 tatem
448 1952 618 1984 Vestram
635 1952 673 1984 in
691 1952 803 1984 terris
820 1951 1018 1994 longevam
1034 1952 1147 1984 faciat
1164 1953 1201 1985 et
1216 1951 1379 1985 felicem.

359 2007 416 2042 Ex
433 2006 646 2046 Mechlinia,
665 2012 732 2040 xva
750 2006 840 2040 Maii
858 2016 954 2040 anno
974 2006 1023 2040 M.
1044 2007 1088 2040 D.
1110 2007 1228 2040 XXV.

1100 2062 1279 2103 EJusdem
1303 2062 1518 2095 Sanctitatis
1542 2063 1676 2097 Vestre

905 2116 1116 2149 humillima
1132 2118 1169 2150 et
1187 2117 1320 2150 devota
1337 2116 1414 2150 filia
1431 2118 1686 2152 archiducissa
1700 2119 1865 2158 Austrie,

836 2172 983 2205 ducissa
1000 2173 1036 2205 ct
1052 2172 1243 2206 comitissa
1260 2172 1490 2214 Burgondie,
1509 2173 1621 2207 vidua
1644 2172 1842 2214 Sabaudie,
1861 2174 1933 2208 etc.

1267 2226 1511 2271 Marguerite.

364 2282 414 2329 Op
432 2282 500 2317 den
517 2293 588 2329 ruff
605 2293 616 2318 .·
632 2282 875 2317 Sanctissimo
894 2283 1044 2315 domino
1063 2283 1205 2316 nostro.

664 2349 820 2383 Archief
849 2357 919 2381 van
951 2348 1017 2382 het
1046 2349 1230 2382 Vatikaan
1265 2349 1302 2382 te
1337 2349 1470 2388 Rome,
1504 2349 1644 2384 Leltere
1678 2349 1723 2385 de
1751 2351 1934 2396 principi,

704 2404 772 2443 ΙΙΙ,
804 2403 877 2436 117.
906 2422 949 2427 —
974 2403 1190 2447 Afgedrukt
1217 2404 1309 2436 door
1336 2404 1380 2437 A.
1411 2403 1573 2438 Cauchie
1600 2405 1639 2438 in
1670 2405 1716 2438 de
1747 2405 1936 2440 Analectes

704 2469 800 2502 pour
836 2459 953 2492 servir
992 2462 1015 2491 ὰ
1053 2457 1230 2492 l’hz'stoire
1268 2458 1538 2503 ecclesias-tique
1574 2458 1620 2495 de
1661 2459 1700 2494 la
1739 2459 1933 2506 Belyique‚

707 2515 743 2548 2²
758 2513 882 2554 reeks‚
902 2513 984 2548 deel
1001 2513 1063 2554 VI,
1082 2513 1151 2547 blz.
1170 2513 1316 2548 357-359
1331 2513 1456 2556 (1891).

1064 2651 1165 2696 289
1174 2683 1184 2693 .

389 2776 528 2823 1525,
557 2771 654 2814 Mei
683 2775 740 2814 16·
764 2785 822 2814 cn
853 2775 925 2823 17,
961 2771 1161 2814 Utrecht.
1201 2766 1368 2812 Besluit
1406 2767 1480 2810 des
1502 2766 1646 2811 Raads
1681 2766 1862 2826 waarbij
1880 2767 1932 2812 de

321 2840 511 2884 drukker
532 2843 614 2886 Jan
637 2843 836 2886 Zeversz.
863 2846 990 2898 terug
1023 2843 1067 2884 in
1090 2841 1141 2884 de
1163 2841 1260 2886 stad
1283 2856 1381 2899 mag
1409 2842 1579 2894 komen,
1607 2841 1749 2886 welke
1766 2842 1932 2899 genade

319 2910 352 2951 ’s
368 2910 693 2966 anderendaags
715 2911 857 2954 wordt
876 2910 1118 2966 vernietigd
1151 2925 1205 2953 en
1244 2911 1285 2952 in
1311 2924 1415 2954 eene
1443 2911 1723 2967 levenslange
1744 2910 1930 2970 halling-

323 2977 469 3036 schap,
496 2978 578 3022 ook
600 2992 704 3023 voor
726 2979 837 3036 zijne
854 2978 1282 3036 drukkersgezellen,
1304 2979 1445 3024 wordt
1462 2978 1721 3024 veranderd.
