<?xml version="1.0" encoding="UTF-8"?>
<!DOCTYPE html PUBLIC "-//W3C//DTD XHTML 1.0 Transitional//EN"
    "http://www.w3.org/TR/xhtml1/DTD/xhtml1-transitional.dtd">
<html xmlns="http://www.w3.org/1999/xhtml" xml:lang="en" lang="en">
 <head>
  <title>
</title>
<meta http-equiv="Content-Type" content="text/html;charset=utf-8" />
  <meta name='ocr-system' content='tesseract 3.04.00' />
  <meta name='ocr-capabilities' content='ocr_page ocr_carea ocr_par ocr_line ocrx_word'/>
</head>
<body>
  <div class='ocr_page' id='page_1' title='image "./corpusdocumentor04fruoft_0476.png"; bbox 0 0 2096 3481; ppageno 0'>
   <div class='ocr_carea' id='block_1_1' title="bbox 358 280 1279 319">
    <p class='ocr_par' dir='ltr' id='par_1_1' title="bbox 358 280 1279 319">
     <span class='ocr_line' id='line_1_1' title="bbox 358 280 1279 319; baseline -0.005 0"><span class='ocrx_word' id='word_1_1' title='bbox 358 287 420 319; x_wconf 80' lang='lat'>430</span> <span class='ocrx_word' id='word_1_2' title='bbox 1034 281 1169 315; x_wconf 91' lang='lat' dir='ltr'>ANNO</span> <span class='ocrx_word' id='word_1_3' title='bbox 1196 280 1279 314; x_wconf 77' lang='lat'>1525</span> 
     </span>
    </p>
   </div>
   <div class='ocr_carea' id='block_1_2' title="bbox 357 388 1990 2742">
    <p class='ocr_par' dir='ltr' id='par_1_2' title="bbox 357 388 1983 483">
     <span class='ocr_line' id='line_1_2' title="bbox 407 388 1981 433; baseline -0.004 -6"><span class='ocrx_word' id='word_1_4' title='bbox 407 393 622 427; x_wconf 78' lang='lat' dir='ltr'>ll‘ordenas.</span> <span class='ocrx_word' id='word_1_5' title='bbox 641 392 738 430; x_wconf 78' lang='lat' dir='ltr'>Quin</span> <span class='ocrx_word' id='word_1_6' title='bbox 756 391 876 433; x_wconf 87' lang='lat' dir='ltr'>magis</span> <span class='ocrx_word' id='word_1_7' title='bbox 901 391 938 423; x_wconf 90' lang='lat' dir='ltr'>id</span> <span class='ocrx_word' id='word_1_8' title='bbox 962 399 1115 432; x_wconf 82' lang='lat' dir='ltr'>operam</span> <span class='ocrx_word' id='word_1_9' title='bbox 1132 390 1233 428; x_wconf 89' lang='lat' dir='ltr'>dent,</span> <span class='ocrx_word' id='word_1_10' title='bbox 1259 390 1301 422; x_wconf 90' lang='lat' dir='ltr'>ut</span> <span class='ocrx_word' id='word_1_11' title='bbox 1324 389 1596 432; x_wconf 87' lang='lat' dir='ltr'>poenitentiam</span> <span class='ocrx_word' id='word_1_12' title='bbox 1624 396 1758 421; x_wconf 87' lang='lat' dir='ltr'>revera</span> <span class='ocrx_word' id='word_1_13' title='bbox 1772 388 1981 430; x_wconf 80' lang='lat' dir='ltr'>praestent,</span> 
     </span>
     <span class='ocr_line' id='line_1_3' title="bbox 357 443 1983 483; baseline -0.004 -1"><span class='ocrx_word' id='word_1_14' title='bbox 357 449 590 483; x_wconf 66' lang='lat' dir='ltr'>emendatius</span> <span class='ocrx_word' id='word_1_15' title='bbox 607 448 744 483; x_wconf 80' lang='lat' dir='ltr'>vivant,</span> <span class='ocrx_word' id='word_1_16' title='bbox 764 448 801 479; x_wconf 91' lang='lat' dir='ltr'>et</span> <span class='ocrx_word' id='word_1_17' title='bbox 826 447 870 478; x_wconf 83' lang='lat' dir='ltr'>ab</span> <span class='ocrx_word' id='word_1_18' title='bbox 896 446 996 477; x_wconf 87' lang='lat' dir='ltr'>omni</span> <span class='ocrx_word' id='word_1_19' title='bbox 1023 445 1262 478; x_wconf 72' lang='lat' dir='ltr'>simulatione</span> <span class='ocrx_word' id='word_1_20' title='bbox 1288 454 1369 477; x_wconf 83' lang='lat' dir='ltr'>sese</span> <span class='ocrx_word' id='word_1_21' title='bbox 1395 444 1643 477; x_wconf 78' lang='lat' dir='ltr'>alienissimos</span> <span class='ocrx_word' id='word_1_22' title='bbox 1667 452 1750 476; x_wconf 86' lang='lat' dir='ltr'>esse</span> <span class='ocrx_word' id='word_1_23' title='bbox 1775 443 1983 476; x_wconf 70' lang='lat' dir='ltr'>testentur?</span> 
     </span>
    </p>

    <p class='ocr_par' dir='ltr' id='par_1_3' title="bbox 400 499 1706 542">
     <span class='ocr_line' id='line_1_4' title="bbox 400 499 1706 542; baseline -0.007 -4"><span class='ocrx_word' id='word_1_24' title='bbox 400 505 610 538; x_wconf 66' lang='lat' dir='ltr'>Montanus.</span> <span class='ocrx_word' id='word_1_25' title='bbox 633 502 764 534; x_wconf 84' lang='lat' dir='ltr'>Nonne</span> <span class='ocrx_word' id='word_1_26' title='bbox 783 501 964 542; x_wconf 73' lang='lat' dir='ltr'>seriptum</span> <span class='ocrx_word' id='word_1_27' title='bbox 983 502 1061 532; x_wconf 67' lang='lat' dir='ltr'>ost:</span> <span class='ocrx_word' id='word_1_28' title='bbox 1084 514 1098 526; x_wconf 81' lang='lat' dir='ltr'>u</span> <span class='ocrx_word' id='word_1_29' title='bbox 1119 500 1265 541; x_wconf 82' lang='lat' dir='ltr'>Septies</span> <span class='ocrx_word' id='word_1_30' title='bbox 1282 500 1319 532; x_wconf 89' lang='lat' dir='ltr'>in</span> <span class='ocrx_word' id='word_1_31' title='bbox 1338 500 1397 532; x_wconf 84' lang='lat' dir='ltr'>(lie</span> <span class='ocrx_word' id='word_1_32' title='bbox 1416 499 1515 531; x_wconf 69' lang='lat' dir='ltr'>vadit</span> <span class='ocrx_word' id='word_1_33' title='bbox 1531 499 1672 530; x_wconf 75' lang='lat' dir='ltr'>iustus?</span> <span class='ocrx_word' id='word_1_34' title='bbox 1691 514 1706 525; x_wconf 59' lang='grc' dir='ltr'>’ν</span> 
     </span>
    </p>

    <p class='ocr_par' dir='ltr' id='par_1_4' title="bbox 357 552 1985 810">
     <span class='ocr_line' id='line_1_5' title="bbox 411 552 1984 595; baseline -0.003 -6"><span class='ocrx_word' id='word_1_35' title='bbox 411 557 625 591; x_wconf 74' lang='lat' dir='ltr'>ll&#39;ordenas.</span> <span class='ocrx_word' id='word_1_36' title='bbox 642 557 779 589; x_wconf 64' lang='lat' dir='ltr'>Fateor</span> <span class='ocrx_word' id='word_1_37' title='bbox 795 565 801 587; x_wconf 92' lang='lat'>:</span> <span class='ocrx_word' id='word_1_38' title='bbox 822 556 962 588; x_wconf 84' lang='lat' dir='ltr'>sedisti</span> <span class='ocrx_word' id='word_1_39' title='bbox 978 564 1099 595; x_wconf 83' lang='lat' dir='ltr'>neque</span> <span class='ocrx_word' id='word_1_40' title='bbox 1113 555 1201 586; x_wconf 88' lang='lat' dir='ltr'>iusti</span> <span class='ocrx_word' id='word_1_41' title='bbox 1216 555 1314 590; x_wconf 83' lang='lat' dir='ltr'>sunt,</span> <span class='ocrx_word' id='word_1_42' title='bbox 1332 564 1452 594; x_wconf 86' lang='lat' dir='ltr'>neque</span> <span class='ocrx_word' id='word_1_43' title='bbox 1471 562 1633 594; x_wconf 86' lang='lat' dir='ltr'>unquam</span> <span class='ocrx_word' id='word_1_44' title='bbox 1646 554 1861 595; x_wconf 86' lang='lat' dir='ltr'>resurgunt.</span> <span class='ocrx_word' id='word_1_45' title='bbox 1877 552 1984 586; x_wconf 86' lang='lat' dir='ltr'>Hanc</span> 
     </span>
     <span class='ocr_line' id='line_1_6' title="bbox 358 607 1983 653; baseline -0.004 -8"><span class='ocrx_word' id='word_1_46' title='bbox 358 615 458 646; x_wconf 69' lang='lat' dir='ltr'>enim</span> <span class='ocrx_word' id='word_1_47' title='bbox 476 612 684 645; x_wconf 77' lang='lat' dir='ltr'>adulteram</span> <span class='ocrx_word' id='word_1_48' title='bbox 709 612 875 653; x_wconf 80' lang='lat' dir='ltr'>gentem,</span> <span class='ocrx_word' id='word_1_49' title='bbox 894 612 935 642; x_wconf 87' lang='lat' dir='ltr'>ut</span> <span class='ocrx_word' id='word_1_50' title='bbox 958 618 1112 651; x_wconf 86' lang='lat' dir='ltr'>spurcas</span> <span class='ocrx_word' id='word_1_51' title='bbox 1139 618 1224 642; x_wconf 89' lang='lat' dir='ltr'>sues</span> <span class='ocrx_word' id='word_1_52' title='bbox 1248 610 1417 641; x_wconf 83' lang='lat' dir='ltr'>videmus</span> <span class='ocrx_word' id='word_1_53' title='bbox 1443 617 1625 648; x_wconf 82' lang='lat' dir='ltr'>nusquam</span> <span class='ocrx_word' id='word_1_54' title='bbox 1653 618 1674 640; x_wconf 89' lang='lat' dir='ltr'>a</span> <span class='ocrx_word' id='word_1_55' title='bbox 1698 617 1763 640; x_wconf 92' lang='lat' dir='ltr'>suo</span> <span class='ocrx_word' id='word_1_56' title='bbox 1788 607 1983 640; x_wconf 86' lang='lat' dir='ltr'>volutabro</span> 
     </span>
     <span class='ocr_line' id='line_1_7' title="bbox 358 663 1983 707; baseline -0.003 -8"><span class='ocrx_word' id='word_1_57' title='bbox 358 668 552 701; x_wconf 80' lang='lat' dir='ltr'>discedere</span> <span class='ocrx_word' id='word_1_58' title='bbox 569 676 575 698; x_wconf 91' lang='lat'><strong>:</strong></span> <span class='ocrx_word' id='word_1_59' title='bbox 597 668 662 698; x_wconf 85' lang='lat' dir='ltr'>aut</span> <span class='ocrx_word' id='word_1_60' title='bbox 677 667 809 707; x_wconf 86' lang='lat' dir='ltr'>potant</span> <span class='ocrx_word' id='word_1_61' title='bbox 826 665 926 698; x_wconf 89' lang='lat' dir='ltr'>enim</span> <span class='ocrx_word' id='word_1_62' title='bbox 944 667 1111 703; x_wconf 83' lang='lat' dir='ltr'>strenue,</span> <span class='ocrx_word' id='word_1_63' title='bbox 1129 666 1193 696; x_wconf 92' lang='lat' dir='ltr'>aut</span> <span class='ocrx_word' id='word_1_64' title='bbox 1209 665 1422 697; x_wconf 82' lang='lat' dir='ltr'>scortantur</span> <span class='ocrx_word' id='word_1_65' title='bbox 1440 663 1613 704; x_wconf 82' lang='lat' dir='ltr'>turpiter,</span> <span class='ocrx_word' id='word_1_66' title='bbox 1633 663 1697 695; x_wconf 88' lang='lat' dir='ltr'>aut</span> <span class='ocrx_word' id='word_1_67' title='bbox 1713 663 1837 696; x_wconf 89' lang='lat' dir='ltr'>ociose</span> <span class='ocrx_word' id='word_1_68' title='bbox 1854 663 1983 704; x_wconf 87' lang='lat' dir='ltr'>agunt.</span> 
     </span>
     <span class='ocr_line' id='line_1_8' title="bbox 357 716 1985 762; baseline -0.004 -7"><span class='ocrx_word' id='word_1_69' title='bbox 357 724 405 757; x_wconf 89' lang='lat' dir='ltr'>Et</span> <span class='ocrx_word' id='word_1_70' title='bbox 436 722 494 754; x_wconf 89' lang='lat' dir='ltr'>his</span> <span class='ocrx_word' id='word_1_71' title='bbox 527 721 672 754; x_wconf 84' lang='lat' dir='ltr'>scilicet</span> <span class='ocrx_word' id='word_1_72' title='bbox 700 723 776 753; x_wconf 87' lang='lat' dir='ltr'>tam</span> <span class='ocrx_word' id='word_1_73' title='bbox 807 720 987 762; x_wconf 82' lang='lat' dir='ltr'>speciosis</span> <span class='ocrx_word' id='word_1_74' title='bbox 1020 720 1176 752; x_wconf 84' lang='lat' dir='ltr'>novatae</span> <span class='ocrx_word' id='word_1_75' title='bbox 1208 719 1306 751; x_wconf 85' lang='lat' dir='ltr'>vitae</span> <span class='ocrx_word' id='word_1_76' title='bbox 1339 718 1607 760; x_wconf 85' lang='lat' dir='ltr'>speciminibus</span> <span class='ocrx_word' id='word_1_77' title='bbox 1639 717 1808 751; x_wconf 86' lang='lat' dir='ltr'>iustitiae</span> <span class='ocrx_word' id='word_1_78' title='bbox 1836 716 1985 750; x_wconf 87' lang='lat' dir='ltr'>laudem</span> 
     </span>
     <span class='ocr_line' id='line_1_9' title="bbox 359 777 593 810; baseline -0.004 -2"><span class='ocrx_word' id='word_1_79' title='bbox 359 777 593 810; x_wconf 73' lang='lat' dir='ltr'>deferemus?</span> 
     </span>
    </p>

    <p class='ocr_par' dir='ltr' id='par_1_5' title="bbox 357 827 1989 984">
     <span class='ocr_line' id='line_1_10' title="bbox 402 827 1989 872; baseline -0.003 -8"><span class='ocrx_word' id='word_1_80' title='bbox 402 834 612 865; x_wconf 74' lang='lat' dir='ltr'>Montanus.</span> <span class='ocrx_word' id='word_1_81' title='bbox 639 831 816 863; x_wconf 86' lang='lat' dir='ltr'>Fatemur</span> <span class='ocrx_word' id='word_1_82' title='bbox 841 839 970 862; x_wconf 90' lang='lat' dir='ltr'>omnes</span> <span class='ocrx_word' id='word_1_83' title='bbox 994 829 1232 872; x_wconf 90' lang='lat' dir='ltr'>castigandos</span> <span class='ocrx_word' id='word_1_84' title='bbox 1257 837 1352 868; x_wconf 89' lang='lat' dir='ltr'>esse,</span> <span class='ocrx_word' id='word_1_85' title='bbox 1378 828 1409 860; x_wconf 88' lang='lat' dir='ltr'>si</span> <span class='ocrx_word' id='word_1_86' title='bbox 1434 828 1544 860; x_wconf 92' lang='lat' dir='ltr'>modo</span> <span class='ocrx_word' id='word_1_87' title='bbox 1569 827 1709 860; x_wconf 88' lang='lat' dir='ltr'>malum</span> <span class='ocrx_word' id='word_1_88' title='bbox 1734 827 1806 860; x_wconf 89' lang='lat' dir='ltr'>hoc</span> <span class='ocrx_word' id='word_1_89' title='bbox 1831 836 1905 860; x_wconf 91' lang='lat' dir='ltr'>non</span> <span class='ocrx_word' id='word_1_90' title='bbox 1929 828 1989 860; x_wconf 88' lang='lat' dir='ltr'>est</span> 
     </span>
     <span class='ocr_line' id='line_1_11' title="bbox 357 878 1985 929; baseline -0.002 -11"><span class='ocrx_word' id='word_1_91' title='bbox 357 878 589 929; x_wconf 74' lang='lat' dir='ltr'>corrigibile.</span> <span class='ocrx_word' id='word_1_92' title='bbox 627 887 734 918; x_wconf 88' lang='lat' dir='ltr'>Nunc</span> <span class='ocrx_word' id='word_1_93' title='bbox 775 894 877 922; x_wconf 83' lang='lat' dir='ltr'>vero,</span> <span class='ocrx_word' id='word_1_94' title='bbox 923 885 1099 925; x_wconf 82' lang='lat' dir='ltr'>quoniam</span> <span class='ocrx_word' id='word_1_95' title='bbox 1132 884 1169 915; x_wconf 92' lang='lat' dir='ltr'>in</span> <span class='ocrx_word' id='word_1_96' title='bbox 1204 883 1453 925; x_wconf 89' lang='lat' dir='ltr'>plurimorum</span> <span class='ocrx_word' id='word_1_97' title='bbox 1490 883 1613 924; x_wconf 79' lang='lat' dir='ltr'>capita</span> <span class='ocrx_word' id='word_1_98' title='bbox 1648 883 1705 915; x_wconf 90' lang='lat' dir='ltr'>est</span> <span class='ocrx_word' id='word_1_99' title='bbox 1739 881 1985 924; x_wconf 83' lang='lat' dir='ltr'>divulgatum,</span> 
     </span>
     <span class='ocr_line' id='line_1_12' title="bbox 358 938 1513 984; baseline -0.003 -10"><span class='ocrx_word' id='word_1_100' title='bbox 358 942 588 984; x_wconf 84' lang='lat' dir='ltr'>parcendum</span> <span class='ocrx_word' id='word_1_101' title='bbox 606 942 674 978; x_wconf 90' lang='lat' dir='ltr'>est,</span> <span class='ocrx_word' id='word_1_102' title='bbox 694 941 798 972; x_wconf 82' lang='lat' dir='ltr'>iuxta</span> <span class='ocrx_word' id='word_1_103' title='bbox 815 941 997 978; x_wconf 72' lang='lat' dir='ltr'>Oenones,</span> <span class='ocrx_word' id='word_1_104' title='bbox 1017 939 1249 971; x_wconf 83' lang='lat' dir='ltr'>multitudini</span> <span class='ocrx_word' id='word_1_105' title='bbox 1268 938 1513 978; x_wconf 85' lang='lat' dir='ltr'>delinquenti.</span> 
     </span>
    </p>

    <p class='ocr_par' dir='ltr' id='par_1_6' title="bbox 358 991 1990 1530">
     <span class='ocr_line' id='line_1_13' title="bbox 411 991 1987 1034; baseline -0.003 -6"><span class='ocrx_word' id='word_1_106' title='bbox 411 995 627 1029; x_wconf 78' lang='lat' dir='ltr'>Wordenas.</span> <span class='ocrx_word' id='word_1_107' title='bbox 661 996 745 1028; x_wconf 83' lang='lat' dir='ltr'>Non</span> <span class='ocrx_word' id='word_1_108' title='bbox 778 996 835 1027; x_wconf 87' lang='lat' dir='ltr'>est</span> <span class='ocrx_word' id='word_1_109' title='bbox 867 994 965 1034; x_wconf 91' lang='lat' dir='ltr'>quod</span> <span class='ocrx_word' id='word_1_110' title='bbox 1004 993 1285 1026; x_wconf 85' lang='lat' dir='ltr'>multitudinem</span> <span class='ocrx_word' id='word_1_111' title='bbox 1324 994 1471 1025; x_wconf 86' lang='lat' dir='ltr'>vestrae</span> <span class='ocrx_word' id='word_1_112' title='bbox 1511 992 1687 1025; x_wconf 79' lang='lat' dir='ltr'>licentiae</span> <span class='ocrx_word' id='word_1_113' title='bbox 1726 992 1764 1024; x_wconf 90' lang='lat' dir='ltr'>et</span> <span class='ocrx_word' id='word_1_114' title='bbox 1802 991 1987 1024; x_wconf 87' lang='lat' dir='ltr'>scelerum</span> 
     </span>
     <span class='ocr_line' id='line_1_14' title="bbox 359 1045 1988 1093; baseline -0.003 -10"><span class='ocrx_word' id='word_1_115' title='bbox 359 1051 574 1093; x_wconf 82' lang='lat' dir='ltr'>impunitati</span> <span class='ocrx_word' id='word_1_116' title='bbox 592 1050 833 1092; x_wconf 78' lang='lat' dir='ltr'>praetexatis.</span> <span class='ocrx_word' id='word_1_117' title='bbox 855 1049 961 1087; x_wconf 88' lang='lat' dir='ltr'>Quod</span> <span class='ocrx_word' id='word_1_118' title='bbox 978 1050 1078 1082; x_wconf 87' lang='lat' dir='ltr'>enim</span> <span class='ocrx_word' id='word_1_119' title='bbox 1097 1048 1244 1091; x_wconf 80' lang='lat' dir='ltr'>gladius</span> <span class='ocrx_word' id='word_1_120' title='bbox 1262 1049 1299 1079; x_wconf 83' lang='lat' dir='ltr'>in</span> <span class='ocrx_word' id='word_1_121' title='bbox 1318 1047 1509 1080; x_wconf 87' lang='lat' dir='ltr'>adulteros</span> <span class='ocrx_word' id='word_1_122' title='bbox 1528 1057 1600 1079; x_wconf 91' lang='lat' dir='ltr'>non</span> <span class='ocrx_word' id='word_1_123' title='bbox 1625 1047 1802 1080; x_wconf 84' lang='lat' dir='ltr'>exeratur</span> <span class='ocrx_word' id='word_1_124' title='bbox 1815 1046 1876 1089; x_wconf 88' lang='lat'>(1),</span> <span class='ocrx_word' id='word_1_125' title='bbox 1894 1045 1988 1078; x_wconf 90' lang='lat' dir='ltr'>illud</span> 
     </span>
     <span class='ocr_line' id='line_1_15' title="bbox 358 1101 1988 1149; baseline -0.003 -11"><span class='ocrx_word' id='word_1_126' title='bbox 358 1107 479 1149; x_wconf 86' lang='lat' dir='ltr'>magis</span> <span class='ocrx_word' id='word_1_127' title='bbox 510 1106 548 1138; x_wconf 88' lang='lat' dir='ltr'>in</span> <span class='ocrx_word' id='word_1_128' title='bbox 581 1115 692 1138; x_wconf 89' lang='lat' dir='ltr'>causa</span> <span class='ocrx_word' id='word_1_129' title='bbox 723 1104 961 1142; x_wconf 83' lang='lat' dir='ltr'>crediderim,</span> <span class='ocrx_word' id='word_1_130' title='bbox 996 1104 1094 1144; x_wconf 88' lang='lat' dir='ltr'>quod</span> <span class='ocrx_word' id='word_1_131' title='bbox 1126 1104 1189 1144; x_wconf 78' lang='lat' dir='ltr'>qui</span> <span class='ocrx_word' id='word_1_132' title='bbox 1221 1102 1334 1144; x_wconf 85' lang='lat' dir='ltr'>gladij</span> <span class='ocrx_word' id='word_1_133' title='bbox 1368 1103 1534 1135; x_wconf 83' lang='lat' dir='ltr'>ministri</span> <span class='ocrx_word' id='word_1_134' title='bbox 1565 1111 1647 1135; x_wconf 90' lang='lat' dir='ltr'>esse</span> <span class='ocrx_word' id='word_1_135' title='bbox 1682 1101 1881 1143; x_wconf 85' lang='lat' dir='ltr'>debebant,</span> <span class='ocrx_word' id='word_1_136' title='bbox 1915 1101 1988 1143; x_wconf 87' lang='lat' dir='ltr'>ipsi</span> 
     </span>
     <span class='ocr_line' id='line_1_16' title="bbox 360 1155 1987 1200; baseline -0.004 -6"><span class='ocrx_word' id='word_1_137' title='bbox 360 1162 491 1194; x_wconf 72' lang='lat' dir='ltr'>eodem</span> <span class='ocrx_word' id='word_1_138' title='bbox 516 1162 596 1193; x_wconf 84' lang='lat' dir='ltr'>fere</span> <span class='ocrx_word' id='word_1_139' title='bbox 621 1160 751 1192; x_wconf 81' lang='lat' dir='ltr'>morbo</span> <span class='ocrx_word' id='word_1_140' title='bbox 777 1159 962 1197; x_wconf 86' lang='lat' dir='ltr'>laborent,</span> <span class='ocrx_word' id='word_1_141' title='bbox 988 1159 1121 1200; x_wconf 85' lang='lat' dir='ltr'>ijsdem</span> <span class='ocrx_word' id='word_1_142' title='bbox 1146 1158 1246 1199; x_wconf 83' lang='lat' dir='ltr'>vitijs</span> <span class='ocrx_word' id='word_1_143' title='bbox 1263 1158 1450 1190; x_wconf 85' lang='lat' dir='ltr'>madeant.</span> <span class='ocrx_word' id='word_1_144' title='bbox 1471 1157 1638 1189; x_wconf 91' lang='lat' dir='ltr'>Proinde</span> <span class='ocrx_word' id='word_1_145' title='bbox 1662 1157 1800 1195; x_wconf 88' lang='lat' dir='ltr'>videte,</span> <span class='ocrx_word' id='word_1_146' title='bbox 1820 1165 1879 1194; x_wconf 91' lang='lat' dir='ltr'>ne,</span> <span class='ocrx_word' id='word_1_147' title='bbox 1900 1155 1987 1188; x_wconf 91' lang='lat' dir='ltr'>dum</span> 
     </span>
     <span class='ocr_line' id='line_1_17' title="bbox 360 1211 1986 1257; baseline -0.003 -9"><span class='ocrx_word' id='word_1_148' title='bbox 360 1225 472 1257; x_wconf 80' lang='lat' dir='ltr'>super</span> <span class='ocrx_word' id='word_1_149' title='bbox 495 1217 639 1249; x_wconf 76' lang='lat' dir='ltr'>festuca</span> <span class='ocrx_word' id='word_1_150' title='bbox 663 1224 746 1247; x_wconf 83' lang='lat' dir='ltr'>mea</span> <span class='ocrx_word' id='word_1_151' title='bbox 770 1214 917 1247; x_wconf 81' lang='lat' dir='ltr'>coelum</span> <span class='ocrx_word' id='word_1_152' title='bbox 942 1215 1065 1247; x_wconf 86' lang='lat' dir='ltr'>terrae</span> <span class='ocrx_word' id='word_1_153' title='bbox 1090 1213 1268 1251; x_wconf 89' lang='lat' dir='ltr'>miscetis,</span> <span class='ocrx_word' id='word_1_154' title='bbox 1295 1213 1380 1254; x_wconf 92' lang='lat' dir='ltr'>ipsi,</span> <span class='ocrx_word' id='word_1_155' title='bbox 1406 1212 1552 1244; x_wconf 82' lang='lat' dir='ltr'>trabem</span> <span class='ocrx_word' id='word_1_156' title='bbox 1575 1212 1739 1244; x_wconf 89' lang='lat' dir='ltr'>vestram</span> <span class='ocrx_word' id='word_1_157' title='bbox 1757 1220 1831 1243; x_wconf 92' lang='lat' dir='ltr'>non</span> <span class='ocrx_word' id='word_1_158' title='bbox 1857 1211 1986 1243; x_wconf 86' lang='lat' dir='ltr'>adver-</span> 
     </span>
     <span class='ocr_line' id='line_1_18' title="bbox 360 1265 1990 1313; baseline -0.004 -10"><span class='ocrx_word' id='word_1_159' title='bbox 360 1273 494 1310; x_wconf 77' lang='lat' dir='ltr'>tentes,</span> <span class='ocrx_word' id='word_1_160' title='bbox 529 1271 681 1313; x_wconf 81' lang='lat' dir='ltr'>gravius</span> <span class='ocrx_word' id='word_1_161' title='bbox 714 1269 913 1310; x_wconf 83' lang='lat' dir='ltr'>aliquando</span> <span class='ocrx_word' id='word_1_162' title='bbox 946 1269 1127 1300; x_wconf 79' lang='lat' dir='ltr'>iudicium</span> <span class='ocrx_word' id='word_1_163' title='bbox 1156 1268 1301 1300; x_wconf 80' lang='lat' dir='ltr'>feratis.</span> <span class='ocrx_word' id='word_1_164' title='bbox 1330 1267 1411 1309; x_wconf 88' lang='lat' dir='ltr'>Ego</span> <span class='ocrx_word' id='word_1_165' title='bbox 1442 1267 1620 1299; x_wconf 79' lang='lat' dir='ltr'>nimirum</span> <span class='ocrx_word' id='word_1_166' title='bbox 1651 1267 1696 1299; x_wconf 90' lang='lat' dir='ltr'>ob</span> <span class='ocrx_word' id='word_1_167' title='bbox 1726 1265 1941 1308; x_wconf 87' lang='lat' dir='ltr'>coniugium</span> <span class='ocrx_word' id='word_1_168' title='bbox 1969 1274 1990 1297; x_wconf 86' lang='lat' dir='ltr'>a</span> 
     </span>
     <span class='ocr_line' id='line_1_19' title="bbox 364 1320 1988 1362; baseline -0.004 -3"><span class='ocrx_word' id='word_1_169' title='bbox 364 1327 523 1359; x_wconf 88' lang='lat' dir='ltr'>Domino</span> <span class='ocrx_word' id='word_1_170' title='bbox 549 1325 640 1357; x_wconf 91' lang='lat' dir='ltr'>mihi</span> <span class='ocrx_word' id='word_1_171' title='bbox 665 1333 898 1361; x_wconf 85' lang='lat' dir='ltr'>concessum,</span> <span class='ocrx_word' id='word_1_172' title='bbox 929 1324 994 1356; x_wconf 90' lang='lat' dir='ltr'>sed</span> <span class='ocrx_word' id='word_1_173' title='bbox 1019 1323 1064 1355; x_wconf 84' lang='lat' dir='ltr'>ab</span> <span class='ocrx_word' id='word_1_174' title='bbox 1090 1322 1252 1354; x_wconf 78' lang='lat' dir='ltr'>humano</span> <span class='ocrx_word' id='word_1_175' title='bbox 1278 1322 1338 1354; x_wconf 90' lang='lat' dir='ltr'>die</span> <span class='ocrx_word' id='word_1_176' title='bbox 1362 1321 1455 1353; x_wconf 89' lang='lat' dir='ltr'>mihi</span> <span class='ocrx_word' id='word_1_177' title='bbox 1483 1321 1521 1353; x_wconf 89' lang='lat' dir='ltr'>in</span> <span class='ocrx_word' id='word_1_178' title='bbox 1550 1321 1714 1362; x_wconf 89' lang='lat' dir='ltr'>speciem</span> <span class='ocrx_word' id='word_1_179' title='bbox 1739 1320 1988 1362; x_wconf 88' lang='lat' dir='ltr'>prohibitum,</span> 
     </span>
     <span class='ocr_line' id='line_1_20' title="bbox 363 1374 1988 1420; baseline -0.004 -7"><span class='ocrx_word' id='word_1_180' title='bbox 363 1380 576 1413; x_wconf 81' lang='lat' dir='ltr'>haereticus</span> <span class='ocrx_word' id='word_1_181' title='bbox 606 1381 793 1418; x_wconf 89' lang='lat' dir='ltr'>traducor,</span> <span class='ocrx_word' id='word_1_182' title='bbox 820 1378 1009 1420; x_wconf 81' lang='lat' dir='ltr'>publicum</span> <span class='ocrx_word' id='word_1_183' title='bbox 1035 1378 1172 1409; x_wconf 88' lang='lat' dir='ltr'>mundo</span> <span class='ocrx_word' id='word_1_184' title='bbox 1198 1375 1453 1418; x_wconf 81' lang='lat' dir='ltr'>spectaculum</span> <span class='ocrx_word' id='word_1_185' title='bbox 1478 1376 1539 1407; x_wconf 87' lang='lat' dir='ltr'>fio.</span> <span class='ocrx_word' id='word_1_186' title='bbox 1567 1375 1640 1408; x_wconf 87' lang='lat' dir='ltr'>Sed</span> <span class='ocrx_word' id='word_1_187' title='bbox 1665 1384 1759 1416; x_wconf 83' lang='lat' dir='ltr'>quae</span> <span class='ocrx_word' id='word_1_188' title='bbox 1783 1385 1848 1408; x_wconf 87' lang='lat' dir='ltr'>vos</span> <span class='ocrx_word' id='word_1_189' title='bbox 1870 1374 1988 1408; x_wconf 89' lang='lat' dir='ltr'>multo</span> 
     </span>
     <span class='ocr_line' id='line_1_21' title="bbox 362 1429 1986 1472; baseline -0.004 -4"><span class='ocrx_word' id='word_1_190' title='bbox 362 1436 580 1468; x_wconf 81' lang='lat' dir='ltr'>foedissima</span> <span class='ocrx_word' id='word_1_191' title='bbox 604 1435 641 1467; x_wconf 91' lang='lat' dir='ltr'>in</span> <span class='ocrx_word' id='word_1_192' title='bbox 666 1436 789 1468; x_wconf 86' lang='lat' dir='ltr'>vestro</span> <span class='ocrx_word' id='word_1_193' title='bbox 815 1433 1001 1465; x_wconf 81' lang='lat' dir='ltr'>coelibatu</span> <span class='ocrx_word' id='word_1_194' title='bbox 1027 1432 1235 1470; x_wconf 80' lang='lat' dir='ltr'>admittitis,</span> <span class='ocrx_word' id='word_1_195' title='bbox 1262 1440 1371 1464; x_wconf 90' lang='lat' dir='ltr'>nemo</span> <span class='ocrx_word' id='word_1_196' title='bbox 1397 1440 1441 1463; x_wconf 88' lang='lat' dir='ltr'>ea</span> <span class='ocrx_word' id='word_1_197' title='bbox 1463 1431 1568 1463; x_wconf 87' lang='lat' dir='ltr'>vobis</span> <span class='ocrx_word' id='word_1_198' title='bbox 1595 1431 1734 1472; x_wconf 88' lang='lat' dir='ltr'>probro</span> <span class='ocrx_word' id='word_1_199' title='bbox 1759 1430 1884 1463; x_wconf 89' lang='lat' dir='ltr'>vertit.</span> <span class='ocrx_word' id='word_1_200' title='bbox 1913 1429 1986 1463; x_wconf 90' lang='lat' dir='ltr'>Sed</span> 
     </span>
     <span class='ocr_line' id='line_1_22' title="bbox 363 1484 1861 1530; baseline -0.004 -7"><span class='ocrx_word' id='word_1_201' title='bbox 363 1492 419 1523; x_wconf 83' lang='lat' dir='ltr'>est</span> <span class='ocrx_word' id='word_1_202' title='bbox 434 1491 496 1530; x_wconf 77' lang='lat' dir='ltr'>qui</span> <span class='ocrx_word' id='word_1_203' title='bbox 515 1490 637 1522; x_wconf 65' lang='lat' dir='ltr'>videat</span> <span class='ocrx_word' id='word_1_204' title='bbox 655 1489 759 1527; x_wconf 83' lang='lat' dir='ltr'>haec,</span> <span class='ocrx_word' id='word_1_205' title='bbox 775 1489 813 1521; x_wconf 91' lang='lat' dir='ltr'>et</span> <span class='ocrx_word' id='word_1_206' title='bbox 829 1488 970 1520; x_wconf 86' lang='lat' dir='ltr'>iudicet</span> <span class='ocrx_word' id='word_1_207' title='bbox 986 1488 1098 1525; x_wconf 92' lang='lat' dir='ltr'>Deus,</span> <span class='ocrx_word' id='word_1_208' title='bbox 1115 1488 1155 1519; x_wconf 90' lang='lat' dir='ltr'>ut</span> <span class='ocrx_word' id='word_1_209' title='bbox 1171 1486 1366 1518; x_wconf 90' lang='lat' dir='ltr'>hominum</span> <span class='ocrx_word' id='word_1_210' title='bbox 1384 1485 1511 1517; x_wconf 90' lang='lat' dir='ltr'>oculos</span> <span class='ocrx_word' id='word_1_211' title='bbox 1528 1486 1691 1518; x_wconf 82' lang='lat' dir='ltr'>maxime</span> <span class='ocrx_word' id='word_1_212' title='bbox 1707 1484 1861 1517; x_wconf 84' lang='lat' dir='ltr'>fallatis.</span> 
     </span>
    </p>

    <p class='ocr_par' dir='ltr' id='par_1_7' title="bbox 365 1539 1985 1639">
     <span class='ocr_line' id='line_1_23' title="bbox 409 1539 1985 1585; baseline -0.004 -6"><span class='ocrx_word' id='word_1_213' title='bbox 409 1544 681 1579; x_wconf 80' lang='lat' dir='ltr'>Rosemundus.</span> <span class='ocrx_word' id='word_1_214' title='bbox 712 1544 846 1576; x_wconf 89' lang='lat' dir='ltr'>Posset</span> <span class='ocrx_word' id='word_1_215' title='bbox 873 1543 991 1585; x_wconf 89' lang='lat' dir='ltr'>igitur</span> <span class='ocrx_word' id='word_1_216' title='bbox 1018 1542 1194 1575; x_wconf 80' lang='lat' dir='ltr'>sacerdos</span> <span class='ocrx_word' id='word_1_217' title='bbox 1218 1541 1377 1573; x_wconf 87' lang='lat' dir='ltr'>maritus</span> <span class='ocrx_word' id='word_1_218' title='bbox 1401 1540 1484 1573; x_wconf 82' lang='lat' dir='ltr'>fieri</span> <span class='ocrx_word' id='word_1_219' title='bbox 1509 1550 1592 1573; x_wconf 86' lang='lat' dir='ltr'>eum</span> <span class='ocrx_word' id='word_1_220' title='bbox 1618 1541 1715 1573; x_wconf 88' lang='lat' dir='ltr'>bona</span> <span class='ocrx_word' id='word_1_221' title='bbox 1738 1539 1985 1573; x_wconf 72' lang='lat' dir='ltr'>conscientia?</span> 
     </span>
     <span class='ocr_line' id='line_1_24' title="bbox 365 1597 1159 1639; baseline -0.006 -6"><span class='ocrx_word' id='word_1_222' title='bbox 365 1610 450 1633; x_wconf 87' lang='lat' dir='ltr'>nam</span> <span class='ocrx_word' id='word_1_223' title='bbox 467 1601 505 1632; x_wconf 88' lang='lat' dir='ltr'>id</span> <span class='ocrx_word' id='word_1_224' title='bbox 521 1601 651 1632; x_wconf 80' lang='lat' dir='ltr'>videor</span> <span class='ocrx_word' id='word_1_225' title='bbox 668 1609 714 1632; x_wconf 83' lang='lat' dir='ltr'>ex</span> <span class='ocrx_word' id='word_1_226' title='bbox 731 1599 855 1631; x_wconf 89' lang='lat' dir='ltr'>verbis</span> <span class='ocrx_word' id='word_1_227' title='bbox 873 1598 947 1630; x_wconf 84' lang='lat' dir='ltr'>tuis</span> <span class='ocrx_word' id='word_1_228' title='bbox 965 1597 1159 1639; x_wconf 83' lang='lat' dir='ltr'>colligere.</span> 
     </span>
    </p>

    <p class='ocr_par' dir='ltr' id='par_1_8' title="bbox 413 1650 1370 1689">
     <span class='ocr_line' id='line_1_25' title="bbox 413 1650 1370 1689; baseline -0.005 -2"><span class='ocrx_word' id='word_1_229' title='bbox 413 1654 631 1689; x_wconf 69' lang='lat' dir='ltr'>W&#39;ordenas.</span> <span class='ocrx_word' id='word_1_230' title='bbox 650 1654 689 1687; x_wconf 88' lang='lat' dir='ltr'>Si</span> <span class='ocrx_word' id='word_1_231' title='bbox 708 1654 838 1687; x_wconf 77' lang='lat' dir='ltr'>dixero</span> <span class='ocrx_word' id='word_1_232' title='bbox 855 1653 972 1689; x_wconf 79' lang='lat' dir='ltr'>vobis,</span> <span class='ocrx_word' id='word_1_233' title='bbox 993 1662 1065 1684; x_wconf 89' lang='lat' dir='ltr'>non</span> <span class='ocrx_word' id='word_1_234' title='bbox 1084 1652 1247 1685; x_wconf 89' lang='lat' dir='ltr'>credetis</span> <span class='ocrx_word' id='word_1_235' title='bbox 1264 1650 1370 1683; x_wconf 87' lang='lat' dir='ltr'>mihi.</span> 
     </span>
    </p>

    <p class='ocr_par' dir='ltr' id='par_1_9' title="bbox 405 1707 1178 1748">
     <span class='ocr_line' id='line_1_26' title="bbox 405 1707 1178 1748; baseline -0.008 -5"><span class='ocrx_word' id='word_1_236' title='bbox 405 1712 620 1743; x_wconf 75' lang='lat' dir='ltr'>Montanus.</span> <span class='ocrx_word' id='word_1_237' title='bbox 638 1709 844 1742; x_wconf 88' lang='lat' dir='ltr'>Audiamus</span> <span class='ocrx_word' id='word_1_238' title='bbox 862 1708 950 1748; x_wconf 84' lang='lat' dir='ltr'>quid</span> <span class='ocrx_word' id='word_1_239' title='bbox 967 1708 1021 1739; x_wconf 87' lang='lat' dir='ltr'>vis</span> <span class='ocrx_word' id='word_1_240' title='bbox 1040 1707 1178 1740; x_wconf 82' lang='lat' dir='ltr'>dicere.</span> 
     </span>
    </p>

    <p class='ocr_par' dir='ltr' id='par_1_10' title="bbox 360 1759 1984 1862">
     <span class='ocr_line' id='line_1_27' title="bbox 412 1759 1984 1801; baseline -0.003 -5"><span class='ocrx_word' id='word_1_241' title='bbox 412 1764 628 1799; x_wconf 80' lang='lat' dir='ltr'>Wordenas.</span> <span class='ocrx_word' id='word_1_242' title='bbox 648 1764 720 1797; x_wconf 91' lang='lat' dir='ltr'>Sed</span> <span class='ocrx_word' id='word_1_243' title='bbox 737 1772 884 1800; x_wconf 86' lang='lat' dir='ltr'>vereor,</span> <span class='ocrx_word' id='word_1_244' title='bbox 910 1771 957 1796; x_wconf 91' lang='lat' dir='ltr'>ne</span> <span class='ocrx_word' id='word_1_245' title='bbox 982 1771 1093 1795; x_wconf 88' lang='lat' dir='ltr'>canes</span> <span class='ocrx_word' id='word_1_246' title='bbox 1118 1762 1211 1794; x_wconf 90' lang='lat' dir='ltr'>mihi</span> <span class='ocrx_word' id='word_1_247' title='bbox 1229 1761 1311 1793; x_wconf 93' lang='lat' dir='ltr'>sitis</span> <span class='ocrx_word' id='word_1_248' title='bbox 1328 1761 1374 1793; x_wconf 89' lang='lat' dir='ltr'>ad</span> <span class='ocrx_word' id='word_1_249' title='bbox 1391 1760 1609 1793; x_wconf 86' lang='lat' dir='ltr'>laniandum</span> <span class='ocrx_word' id='word_1_250' title='bbox 1633 1769 1743 1801; x_wconf 85' lang='lat' dir='ltr'>quam</span> <span class='ocrx_word' id='word_1_251' title='bbox 1769 1759 1984 1793; x_wconf 89' lang='lat' dir='ltr'>discendum</span> 
     </span>
     <span class='ocr_line' id='line_1_28' title="bbox 360 1820 626 1862; baseline -0.004 -10"><span class='ocrx_word' id='word_1_252' title='bbox 360 1820 626 1862; x_wconf 77' lang='lat' dir='ltr'>promptiores.</span> 
     </span>
    </p>

    <p class='ocr_par' dir='ltr' id='par_1_11' title="bbox 403 1873 884 1908">
     <span class='ocr_line' id='line_1_29' title="bbox 403 1873 884 1908; baseline -0.002 -2"><span class='ocrx_word' id='word_1_253' title='bbox 403 1876 620 1908; x_wconf 76' lang='lat' dir='ltr'>Montanus.</span> <span class='ocrx_word' id='word_1_254' title='bbox 639 1875 745 1907; x_wconf 88' lang='lat' dir='ltr'>Bona</span> <span class='ocrx_word' id='word_1_255' title='bbox 758 1873 884 1907; x_wconf 84' lang='lat' dir='ltr'>verba.</span> 
     </span>
    </p>

    <p class='ocr_par' dir='ltr' id='par_1_12' title="bbox 358 1925 1983 2027">
     <span class='ocr_line' id='line_1_30' title="bbox 406 1925 1983 1968; baseline -0.003 -7"><span class='ocrx_word' id='word_1_256' title='bbox 406 1929 623 1963; x_wconf 81' lang='lat' dir='ltr'>Wordenas.</span> <span class='ocrx_word' id='word_1_257' title='bbox 658 1929 696 1962; x_wconf 88' lang='lat' dir='ltr'>Si</span> <span class='ocrx_word' id='word_1_258' title='bbox 727 1928 851 1962; x_wconf 90' lang='lat' dir='ltr'>velitis</span> <span class='ocrx_word' id='word_1_259' title='bbox 890 1927 1129 1968; x_wconf 83' lang='lat' dir='ltr'>acquiescere</span> <span class='ocrx_word' id='word_1_260' title='bbox 1161 1926 1300 1960; x_wconf 90' lang='lat' dir='ltr'>iudicio</span> <span class='ocrx_word' id='word_1_261' title='bbox 1334 1935 1417 1960; x_wconf 90' lang='lat' dir='ltr'>meo</span> <span class='ocrx_word' id='word_1_262' title='bbox 1450 1926 1657 1960; x_wconf 91' lang='lat' dir='ltr'>secundum</span> <span class='ocrx_word' id='word_1_263' title='bbox 1687 1925 1912 1968; x_wconf 88' lang='lat' dir='ltr'>Scripturas,</span> <span class='ocrx_word' id='word_1_264' title='bbox 1945 1925 1983 1957; x_wconf 89' lang='lat' dir='ltr'>in</span> 
     </span>
     <span class='ocr_line' id='line_1_31' title="bbox 358 1984 837 2027; baseline -0.004 -9"><span class='ocrx_word' id='word_1_265' title='bbox 358 1987 534 2027; x_wconf 84' lang='lat' dir='ltr'>promptu</span> <span class='ocrx_word' id='word_1_266' title='bbox 554 1987 611 2019; x_wconf 90' lang='lat' dir='ltr'>est</span> <span class='ocrx_word' id='word_1_267' title='bbox 626 1984 837 2026; x_wconf 88' lang='lat' dir='ltr'>responsio.</span> 
     </span>
    </p>

    <p class='ocr_par' dir='ltr' id='par_1_13' title="bbox 401 2038 1398 2082">
     <span class='ocr_line' id='line_1_32' title="bbox 401 2038 1398 2082; baseline -0.002 -10"><span class='ocrx_word' id='word_1_268' title='bbox 401 2041 620 2074; x_wconf 84' lang='lat' dir='ltr'>Montanus.</span> <span class='ocrx_word' id='word_1_269' title='bbox 637 2040 719 2082; x_wconf 86' lang='lat' dir='ltr'>Age</span> <span class='ocrx_word' id='word_1_270' title='bbox 737 2049 842 2082; x_wconf 85' lang='lat' dir='ltr'>ergo,</span> <span class='ocrx_word' id='word_1_271' title='bbox 863 2039 953 2080; x_wconf 85' lang='lat' dir='ltr'>quid</span> <span class='ocrx_word' id='word_1_272' title='bbox 969 2038 1129 2071; x_wconf 89' lang='lat' dir='ltr'>moraris</span> <span class='ocrx_word' id='word_1_273' title='bbox 1146 2038 1398 2080; x_wconf 74' lang='lat' dir='ltr'>respondere?</span> 
     </span>
    </p>

    <p class='ocr_par' dir='ltr' id='par_1_14' title="bbox 409 2093 1234 2132">
     <span class='ocr_line' id='line_1_33' title="bbox 409 2093 1234 2132; baseline -0.001 -6"><span class='ocrx_word' id='word_1_274' title='bbox 409 2094 627 2128; x_wconf 73' lang='lat' dir='ltr'>U&#39;ordenas.</span> <span class='ocrx_word' id='word_1_275' title='bbox 648 2094 767 2132; x_wconf 70' lang='lat' dir='ltr'>Quid?</span> <span class='ocrx_word' id='word_1_276' title='bbox 785 2095 951 2127; x_wconf 89' lang='lat' dir='ltr'>stabisne</span> <span class='ocrx_word' id='word_1_277' title='bbox 968 2093 1108 2126; x_wconf 89' lang='lat' dir='ltr'>iudicio</span> <span class='ocrx_word' id='word_1_278' title='bbox 1126 2094 1234 2126; x_wconf 66' lang='lat' dir='ltr'>meo?</span> 
     </span>
    </p>

    <p class='ocr_par' dir='ltr' id='par_1_15' title="bbox 402 2148 1278 2192">
     <span class='ocr_line' id='line_1_34' title="bbox 402 2148 1278 2192; baseline -0.002 -10"><span class='ocrx_word' id='word_1_279' title='bbox 402 2151 615 2184; x_wconf 77' lang='lat' dir='ltr'>Montanus.</span> <span class='ocrx_word' id='word_1_280' title='bbox 635 2150 716 2183; x_wconf 92' lang='lat' dir='ltr'>Hoc</span> <span class='ocrx_word' id='word_1_281' title='bbox 733 2150 840 2182; x_wconf 89' lang='lat' dir='ltr'>nobis</span> <span class='ocrx_word' id='word_1_282' title='bbox 856 2149 994 2192; x_wconf 86' lang='lat' dir='ltr'>religio</span> <span class='ocrx_word' id='word_1_283' title='bbox 1012 2149 1061 2181; x_wconf 89' lang='lat' dir='ltr'>sit</span> <span class='ocrx_word' id='word_1_284' title='bbox 1078 2149 1203 2181; x_wconf 88' lang='lat' dir='ltr'>dicere</span> <span class='ocrx_word' id='word_1_285' title='bbox 1217 2148 1278 2189; x_wconf 81' lang='lat'>(2).</span> 
     </span>
    </p>

    <p class='ocr_par' dir='ltr' id='par_1_16' title="bbox 402 2201 1830 2245">
     <span class='ocr_line' id='line_1_35' title="bbox 402 2201 1830 2245; baseline -0.003 -8"><span class='ocrx_word' id='word_1_286' title='bbox 402 2203 698 2238; x_wconf 77' lang='lat' dir='ltr'>Dzwenvorthus.</span> <span class='ocrx_word' id='word_1_287' title='bbox 718 2205 849 2243; x_wconf 89' lang='lat' dir='ltr'>Sinite,</span> <span class='ocrx_word' id='word_1_288' title='bbox 870 2214 1007 2245; x_wconf 87' lang='lat' dir='ltr'>quaeso</span> <span class='ocrx_word' id='word_1_289' title='bbox 1027 2213 1104 2241; x_wconf 84' lang='lat' dir='ltr'>vos,</span> <span class='ocrx_word' id='word_1_290' title='bbox 1125 2204 1235 2235; x_wconf 87' lang='lat' dir='ltr'>dicat.</span> <span class='ocrx_word' id='word_1_291' title='bbox 1255 2203 1312 2236; x_wconf 90' lang='lat' dir='ltr'>En</span> <span class='ocrx_word' id='word_1_292' title='bbox 1330 2202 1536 2235; x_wconf 80' lang='lat' dir='ltr'>deferimus</span> <span class='ocrx_word' id='word_1_293' title='bbox 1555 2201 1623 2234; x_wconf 90' lang='lat' dir='ltr'>tibi</span> <span class='ocrx_word' id='word_1_294' title='bbox 1638 2201 1830 2234; x_wconf 88' lang='lat' dir='ltr'>iudicium.</span> 
     </span>
    </p>

    <p class='ocr_par' dir='ltr' id='par_1_17' title="bbox 359 2256 1983 2352">
     <span class='ocr_line' id='line_1_36' title="bbox 403 2256 1983 2301; baseline -0.002 -10"><span class='ocrx_word' id='word_1_295' title='bbox 403 2262 617 2294; x_wconf 80' lang='lat' dir='ltr'>Montanus.</span> <span class='ocrx_word' id='word_1_296' title='bbox 637 2260 718 2293; x_wconf 91' lang='lat' dir='ltr'>Hoc</span> <span class='ocrx_word' id='word_1_297' title='bbox 735 2271 802 2292; x_wconf 90' lang='lat' dir='ltr'>nos</span> <span class='ocrx_word' id='word_1_298' title='bbox 821 2260 973 2301; x_wconf 83' lang='lat' dir='ltr'>quidem</span> <span class='ocrx_word' id='word_1_299' title='bbox 990 2269 1064 2291; x_wconf 89' lang='lat' dir='ltr'>non</span> <span class='ocrx_word' id='word_1_300' title='bbox 1083 2258 1329 2300; x_wconf 66' lang='lat' dir='ltr'>stipulamur,</span> <span class='ocrx_word' id='word_1_301' title='bbox 1348 2258 1579 2299; x_wconf 87' lang='lat' dir='ltr'>respondere</span> <span class='ocrx_word' id='word_1_302' title='bbox 1597 2258 1721 2290; x_wconf 86' lang='lat' dir='ltr'>tamen</span> <span class='ocrx_word' id='word_1_303' title='bbox 1746 2258 1782 2290; x_wconf 90' lang='lat' dir='ltr'>te</span> <span class='ocrx_word' id='word_1_304' title='bbox 1799 2256 1983 2294; x_wconf 86' lang='lat' dir='ltr'>iubemuS‚</span> 
     </span>
     <span class='ocr_line' id='line_1_37' title="bbox 359 2313 1441 2352; baseline -0.003 -4"><span class='ocrx_word' id='word_1_305' title='bbox 359 2317 400 2348; x_wconf 90' lang='lat' dir='ltr'>ut</span> <span class='ocrx_word' id='word_1_306' title='bbox 417 2316 535 2349; x_wconf 83' lang='lat' dir='ltr'>sicubi</span> <span class='ocrx_word' id='word_1_307' title='bbox 553 2325 657 2349; x_wconf 88' lang='lat' dir='ltr'>erres</span> <span class='ocrx_word' id='word_1_308' title='bbox 675 2325 696 2347; x_wconf 86' lang='lat' dir='ltr'>a</span> <span class='ocrx_word' id='word_1_309' title='bbox 708 2316 881 2352; x_wconf 88' lang='lat' dir='ltr'>veritate,</span> <span class='ocrx_word' id='word_1_310' title='bbox 901 2315 1041 2349; x_wconf 85' lang='lat' dir='ltr'>rectius</span> <span class='ocrx_word' id='word_1_311' title='bbox 1060 2323 1081 2346; x_wconf 89' lang='lat' dir='ltr'>a</span> <span class='ocrx_word' id='word_1_312' title='bbox 1094 2313 1201 2345; x_wconf 85' lang='lat' dir='ltr'>nobis</span> <span class='ocrx_word' id='word_1_313' title='bbox 1218 2313 1441 2345; x_wconf 84' lang='lat' dir='ltr'>iustituaris.</span> 
     </span>
    </p>

    <p class='ocr_par' dir='ltr' id='par_1_18' title="bbox 360 2366 1985 2522">
     <span class='ocr_line' id='line_1_38' title="bbox 409 2366 1985 2413; baseline -0.002 -11"><span class='ocrx_word' id='word_1_314' title='bbox 409 2370 626 2404; x_wconf 80' lang='lat' dir='ltr'>Wordenas.</span> <span class='ocrx_word' id='word_1_315' title='bbox 657 2371 809 2413; x_wconf 86' lang='lat' dir='ltr'>Indigni</span> <span class='ocrx_word' id='word_1_316' title='bbox 839 2370 929 2405; x_wconf 88' lang='lat' dir='ltr'>estis</span> <span class='ocrx_word' id='word_1_317' title='bbox 957 2379 1042 2402; x_wconf 85' lang='lat' dir='ltr'>eum</span> <span class='ocrx_word' id='word_1_318' title='bbox 1070 2368 1207 2406; x_wconf 86' lang='lat' dir='ltr'>Pilato,</span> <span class='ocrx_word' id='word_1_319' title='bbox 1234 2369 1331 2410; x_wconf 88' lang='lat' dir='ltr'>apud</span> <span class='ocrx_word' id='word_1_320' title='bbox 1357 2378 1449 2409; x_wconf 86' lang='lat' dir='ltr'>quos</span> <span class='ocrx_word' id='word_1_321' title='bbox 1475 2367 1733 2400; x_wconf 89' lang='lat' dir='ltr'>testimonium</span> <span class='ocrx_word' id='word_1_322' title='bbox 1758 2367 1867 2400; x_wconf 87' lang='lat' dir='ltr'>detur</span> <span class='ocrx_word' id='word_1_323' title='bbox 1889 2366 1985 2399; x_wconf 87' lang='lat' dir='ltr'>veri-</span> 
     </span>
     <span class='ocr_line' id='line_1_39' title="bbox 360 2422 1984 2466; baseline -0.003 -8"><span class='ocrx_word' id='word_1_324' title='bbox 360 2426 440 2458; x_wconf 85' lang='lat' dir='ltr'>tati.</span> <span class='ocrx_word' id='word_1_325' title='bbox 472 2426 648 2458; x_wconf 87' lang='lat' dir='ltr'>Sanctum</span> <span class='ocrx_word' id='word_1_326' title='bbox 675 2426 776 2458; x_wconf 84' lang='lat' dir='ltr'>enim</span> <span class='ocrx_word' id='word_1_327' title='bbox 801 2426 955 2459; x_wconf 85' lang='lat' dir='ltr'>canibus</span> <span class='ocrx_word' id='word_1_328' title='bbox 980 2434 1054 2457; x_wconf 90' lang='lat' dir='ltr'>non</span> <span class='ocrx_word' id='word_1_329' title='bbox 1083 2424 1140 2457; x_wconf 89' lang='lat' dir='ltr'>est</span> <span class='ocrx_word' id='word_1_330' title='bbox 1164 2424 1338 2462; x_wconf 90' lang='lat' dir='ltr'>dandum,</span> <span class='ocrx_word' id='word_1_331' title='bbox 1366 2432 1488 2464; x_wconf 87' lang='lat' dir='ltr'>neque</span> <span class='ocrx_word' id='word_1_332' title='bbox 1512 2423 1718 2466; x_wconf 86' lang='lat' dir='ltr'>margarita</span> <span class='ocrx_word' id='word_1_333' title='bbox 1741 2422 1826 2455; x_wconf 89' lang='lat' dir='ltr'>ante</span> <span class='ocrx_word' id='word_1_334' title='bbox 1849 2430 1984 2464; x_wconf 88' lang='lat' dir='ltr'>porcos</span> 
     </span>
     <span class='ocr_line' id='line_1_40' title="bbox 360 2481 720 2522; baseline 0 -11"><span class='ocrx_word' id='word_1_335' title='bbox 360 2481 572 2522; x_wconf 86' lang='lat' dir='ltr'>objicienda</span> <span class='ocrx_word' id='word_1_336' title='bbox 589 2482 645 2513; x_wconf 87' lang='lat' dir='ltr'>est</span> <span class='ocrx_word' id='word_1_337' title='bbox 659 2481 720 2522; x_wconf 92' lang='lat'>(3).</span> 
     </span>
    </p>

    <p class='ocr_par' dir='ltr' id='par_1_19' title="bbox 401 2532 1818 2577">
     <span class='ocr_line' id='line_1_41' title="bbox 401 2532 1818 2577; baseline -0.001 -10"><span class='ocrx_word' id='word_1_338' title='bbox 401 2537 614 2569; x_wconf 74' lang='lat' dir='ltr'>Montanus.</span> <span class='ocrx_word' id='word_1_339' title='bbox 634 2536 718 2568; x_wconf 89' lang='lat' dir='ltr'>Non</span> <span class='ocrx_word' id='word_1_340' title='bbox 736 2535 983 2577; x_wconf 89' lang='lat' dir='ltr'>respondebis</span> <span class='ocrx_word' id='word_1_341' title='bbox 1000 2534 1058 2568; x_wconf 92' lang='lat' dir='ltr'>vel</span> <span class='ocrx_word' id='word_1_342' title='bbox 1077 2535 1243 2576; x_wconf 86' lang='lat' dir='ltr'>tandem,</span> <span class='ocrx_word' id='word_1_343' title='bbox 1262 2534 1293 2566; x_wconf 90' lang='lat' dir='ltr'>si</span> <span class='ocrx_word' id='word_1_344' title='bbox 1311 2542 1469 2566; x_wconf 85' lang='lat' dir='ltr'>uxorem</span> <span class='ocrx_word' id='word_1_345' title='bbox 1486 2533 1638 2572; x_wconf 83' lang='lat' dir='ltr'>duxisti,</span> <span class='ocrx_word' id='word_1_346' title='bbox 1657 2542 1704 2566; x_wconf 88' lang='lat' dir='ltr'>an</span> <span class='ocrx_word' id='word_1_347' title='bbox 1722 2532 1818 2565; x_wconf 70' lang='lat' dir='ltr'>non?</span> 
     </span>
    </p>

    <p class='ocr_par' dir='ltr' id='par_1_20' title="bbox 410 2589 1221 2632">
     <span class='ocr_line' id='line_1_42' title="bbox 410 2589 1221 2632; baseline -0.002 -9"><span class='ocrx_word' id='word_1_348' title='bbox 410 2590 627 2623; x_wconf 78' lang='lat' dir='ltr'>Wordenas.</span> <span class='ocrx_word' id='word_1_349' title='bbox 646 2591 730 2623; x_wconf 89' lang='lat' dir='ltr'>Non</span> <span class='ocrx_word' id='word_1_350' title='bbox 748 2591 821 2623; x_wconf 91' lang='lat' dir='ltr'>nisi</span> <span class='ocrx_word' id='word_1_351' title='bbox 839 2590 1032 2632; x_wconf 89' lang='lat' dir='ltr'>productis</span> <span class='ocrx_word' id='word_1_352' title='bbox 1050 2589 1221 2622; x_wconf 85' lang='lat' dir='ltr'>testibus.</span> 
     </span>
    </p>

    <p class='ocr_par' dir='ltr' id='par_1_21' title="bbox 360 2641 1979 2742">
     <span class='ocr_line' id='line_1_43' title="bbox 404 2641 1979 2687; baseline -0.001 -10"><span class='ocrx_word' id='word_1_353' title='bbox 404 2647 619 2679; x_wconf 81' lang='lat' dir='ltr'>Montanus.</span> <span class='ocrx_word' id='word_1_354' title='bbox 640 2645 737 2683; x_wconf 87' lang='lat' dir='ltr'>Quid</span> <span class='ocrx_word' id='word_1_355' title='bbox 754 2645 1039 2687; x_wconf 81' lang='lat' dir='ltr'>tergiversando</span> <span class='ocrx_word' id='word_1_356' title='bbox 1057 2654 1176 2685; x_wconf 84' lang='lat' dir='ltr'>usque</span> <span class='ocrx_word' id='word_1_357' title='bbox 1195 2644 1287 2677; x_wconf 88' lang='lat' dir='ltr'>adeo</span> <span class='ocrx_word' id='word_1_358' title='bbox 1306 2644 1421 2677; x_wconf 88' lang='lat' dir='ltr'>testes</span> <span class='ocrx_word' id='word_1_359' title='bbox 1438 2643 1644 2686; x_wconf 68' lang='lat' dir='ltr'>provocas?</span> <span class='ocrx_word' id='word_1_360' title='bbox 1661 2643 1751 2676; x_wconf 85' lang='lat' dir='ltr'>satis</span> <span class='ocrx_word' id='word_1_361' title='bbox 1768 2642 1816 2675; x_wconf 89' lang='lat' dir='ltr'>sit</span> <span class='ocrx_word' id='word_1_362' title='bbox 1831 2641 1979 2681; x_wconf 81' lang='lat' dir='ltr'>merito,</span> 
     </span>
     <span class='ocr_line' id='line_1_44' title="bbox 360 2699 1057 2742; baseline 0.001 -11"><span class='ocrx_word' id='word_1_363' title='bbox 360 2709 427 2731; x_wconf 84' lang='lat' dir='ltr'>nos</span> <span class='ocrx_word' id='word_1_364' title='bbox 445 2701 481 2732; x_wconf 91' lang='lat' dir='ltr'>id</span> <span class='ocrx_word' id='word_1_365' title='bbox 500 2700 566 2732; x_wconf 83' lang='lat' dir='ltr'>tibi</span> <span class='ocrx_word' id='word_1_366' title='bbox 585 2700 753 2733; x_wconf 83' lang='lat' dir='ltr'>criminis</span> <span class='ocrx_word' id='word_1_367' title='bbox 770 2700 983 2742; x_wconf 89' lang='lat' dir='ltr'>impingere</span> <span class='ocrx_word' id='word_1_368' title='bbox 997 2699 1057 2741; x_wconf 83' lang='lat'>(4).</span> 
     </span>
    </p>
   </div>
   <div class='ocr_carea' id='block_1_3' title="bbox 404 2820 1414 3028">
    <p class='ocr_par' dir='ltr' id='par_1_22' title="bbox 404 2820 1260 2864">
     <span class='ocr_line' id='line_1_45' title="bbox 404 2820 1260 2864; baseline 0.001 -12"><span class='ocrx_word' id='word_1_369' title='bbox 404 2821 451 2861; x_wconf 79' lang='grc'>(1)</span> <span class='ocrx_word' id='word_1_370' title='bbox 477 2822 520 2853; x_wconf 85' lang='lat' dir='ltr'>In</span> <span class='ocrx_word' id='word_1_371' title='bbox 544 2822 713 2864; x_wconf 74' lang='lat' dir='ltr'>maryz&#39;ne</span> <span class='ocrx_word' id='word_1_372' title='bbox 737 2831 744 2853; x_wconf 92' lang='lat'><strong>:</strong></span> <span class='ocrx_word' id='word_1_373' title='bbox 772 2821 845 2854; x_wconf 89' lang='lat' dir='ltr'>Cur</span> <span class='ocrx_word' id='word_1_374' title='bbox 861 2821 1047 2862; x_wconf 88' lang='lat' dir='ltr'>impunita</span> <span class='ocrx_word' id='word_1_375' title='bbox 1064 2820 1260 2854; x_wconf 87' lang='lat' dir='ltr'>adulteria.</span> 
     </span>
    </p>

    <p class='ocr_par' dir='ltr' id='par_1_23' title="bbox 405 2875 971 2918">
     <span class='ocr_line' id='line_1_46' title="bbox 405 2875 971 2918; baseline 0.002 -11"><span class='ocrx_word' id='word_1_376' title='bbox 405 2875 451 2917; x_wconf 74' lang='lat'>(2)</span> <span class='ocrx_word' id='word_1_377' title='bbox 542 2876 646 2908; x_wconf 84' lang='lat' dir='ltr'>Idem</span> <span class='ocrx_word' id='word_1_378' title='bbox 738 2885 745 2908; x_wconf 73' lang='grc' dir='ltr'>ε</span> <span class='ocrx_word' id='word_1_379' title='bbox 773 2875 801 2909; x_wconf 95' lang='lat' dir='ltr'>O</span> <span class='ocrx_word' id='word_1_380' title='bbox 817 2875 971 2918; x_wconf 77' lang='lat' dir='ltr'>religio!</span> 
     </span>
    </p>

    <p class='ocr_par' dir='ltr' id='par_1_24' title="bbox 406 2930 1016 2971">
     <span class='ocr_line' id='line_1_47' title="bbox 406 2930 1016 2971; baseline 0 -11"><span class='ocrx_word' id='word_1_381' title='bbox 406 2930 452 2971; x_wconf 81' lang='lat'>(3)</span> <span class='ocrx_word' id='word_1_382' title='bbox 541 2930 646 2963; x_wconf 87' lang='lat' dir='ltr'>Idem</span> <span class='ocrx_word' id='word_1_383' title='bbox 738 2940 744 2963; x_wconf 92' lang='lat'>:</span> <span class='ocrx_word' id='word_1_384' title='bbox 772 2930 965 2968; x_wconf 85' lang='lat' dir='ltr'>Matthaei,</span> <span class='ocrx_word' id='word_1_385' title='bbox 983 2930 1016 2962; x_wconf 87' lang='lat'>7.</span> 
     </span>
    </p>

    <p class='ocr_par' dir='ltr' id='par_1_25' title="bbox 405 2984 1414 3028">
     <span class='ocr_line' id='line_1_48' title="bbox 405 2984 1414 3028; baseline 0.001 -13"><span class='ocrx_word' id='word_1_386' title='bbox 405 2984 451 3024; x_wconf 69' lang='lat'>(4)</span> <span class='ocrx_word' id='word_1_387' title='bbox 542 2984 645 3017; x_wconf 79' lang='lat' dir='ltr'>Idem</span> <span class='ocrx_word' id='word_1_388' title='bbox 737 2994 744 3017; x_wconf 89' lang='lat'><strong>:</strong></span> <span class='ocrx_word' id='word_1_389' title='bbox 770 2985 916 3019; x_wconf 89' lang='lat' dir='ltr'>Atticae</span> <span class='ocrx_word' id='word_1_390' title='bbox 936 2985 1080 3019; x_wconf 85' lang='lat' dir='ltr'>scilicet</span> <span class='ocrx_word' id='word_1_391' title='bbox 1096 2985 1182 3019; x_wconf 85' lang='lat' dir='ltr'>fidei</span> <span class='ocrx_word' id='word_1_392' title='bbox 1199 2984 1414 3028; x_wconf 83' lang='lat' dir='ltr'>magistros.</span> 
     </span>
    </p>
   </div>
  </div>
 </body>
</html>
