2096 3481
302 295 341 327 94
993 294 1130 329 ANNO
1156 292 1237 327 1529

303 403 461 436 dixerim
479 403 536 437 vel
551 404 835 445 predicaverim,
855 404 977 437 erravi
994 404 1032 437 in
1051 404 1124 437 fide
1137 405 1175 438 et
1191 403 1359 437 moribus
1372 401 1571 436 retrahens
1588 398 1757 436 subditos
1771 411 1793 436 a
1805 400 1933 436 debita

303 459 517 491 obedientia
533 461 571 492 et
587 460 821 501 subjectione
836 459 1081 501 prelatorum,
1101 459 1205 502 leges
1222 459 1402 501 positivas
1420 457 1599 491 seditiose
1617 458 1826 491 destruens.

349 528 363 539 --
384 513 613 554 Capittulum
648 516 774 547 omnis
806 515 998 558 utriusque
1028 524 1149 553 sexus,
1185 524 1257 555 quo
1289 515 1442 546 cavetur
1467 511 1583 545 semel
1609 511 1743 545 saltem
1770 512 1809 545 in
1834 521 1931 545 anno

302 569 568 604 confitendum,
597 570 737 601 rationi
765 579 971 601 consonum
996 570 1034 602 et
1057 569 1348 602 saluberrimum
1375 577 1510 601 censeo
1536 576 1604 600 nec
1627 569 1783 609 propter
1811 568 1932 600 deter-

302 624 544 656 minationem
574 625 754 666 temporis
779 626 835 655 est
864 625 1123 657 irrationabile
1150 625 1413 665 judicandum;
1441 623 1540 664 quod
1565 623 1689 655 autem
1718 623 1932 664 oppositum

301 679 586 719 predicaverim‚
617 680 740 713 erravi
772 680 974 713 temerarie
1008 681 1046 713 et
1084 680 1264 721 injuriam
1303 680 1542 712 sacrosancto
1575 677 1736 711 concilio
1768 677 1881 711 intuli
1911 687 1934 711 a

303 734 429 766 debita
446 734 710 767 sacramentali
727 735 966 768 confessione
984 734 1155 768 homines
1172 734 1384 768 retrahens,

348 803 363 816 u
383 790 538 821 Petrum
568 789 779 830 apostolum
795 790 896 823 inter
913 790 1104 831 apostolos
1122 798 1339 831 supremum
1363 799 1385 822 a
1409 789 1557 823 Christo
1582 789 1797 821 institutum
1820 789 1932 821 credo

301 847 336 875 01
363 853 490 877 assero
509 844 713 886 quemlibet
739 845 821 886 ejus
846 854 1101 878 successorem
1130 845 1496 878 auctoritatedivina
1523 853 1606 877 0550
1634 844 1747 885 caput
1774 843 1933 876 ecclesie

302 899 369 931 sub
389 899 551 933 Christo,

347 969 362 981 u
380 955 516 987 ,Iudico
548 956 703 997 insuper
735 965 809 988 non
842 965 970 988 omnes
1003 956 1199 997 episcopos
1225 965 1307 989 esse
1343 955 1496 997 equales
1523 955 1762 997 potissimum
1785 954 1825 986 in
1849 955 1932 987 iforo

302 1010 500 1044 exteriori:
535 1011 634 1051 quod
674 1012 799 1043 autem
837 1011 948 1043 aliter
979 1011 1266 1052 predicaverim‚
1301 1011 1424 1044 erravi
1456 1011 1640 1052 principis
1675 1009 1933 1051 apostolorum

301 1066 558 1106 superioritati
587 1066 773 1108 derogans
798 1069 833 1098 et
862 1067 943 1107 ejus
971 1067 1251 1099 successoribus
1266 1067 1528 1099 auctoritatem
1553 1066 1734 1103 adimens,
1761 1064 1933 1097 ordinem

300 1119 576 1152 hierarchicum
595 1122 747 1153 omnino
765 1123 997 1162 pervertens.

347 1174 551 1207 «Aliorum
585 1177 710 1208 autem
743 1176 988 1209 articulorum
1021 1186 1114 1218 quos
1146 1186 1351 1215 senseram,
1381 1186 1473 1218 quos
1513 1185 1571 1209 me
1603 1176 1819 1218 predicasse
1858 1183 1933 1207 non

300 1230 441 1269 recolo,
461 1231 707 1264 declarationi
725 1232 970 1273 supersedeog
990 1232 1163 1266 sufficere
1181 1233 1282 1265 enim
1295 1233 1444 1264 videtur
1460 1241 1591 1264 eorum
1607 1231 1811 1264 revocatio.

346 1300 361 1311 u
382 1285 431 1318 Ut
449 1288 574 1318 autem
592 1287 765 1319 omnibus
782 1287 995 1320 innotescat
1010 1288 1085 1320 mei
1103 1288 1246 1320 erroris
1264 1289 1301 1320 et
1317 1296 1496 1329 perverse
1513 1287 1783 1328 predicationis
1808 1294 1932 1323 causa,

300 1341 473 1373 noverint
501 1350 642 1379 omnes,
674 1342 773 1382 quod
801 1343 957 1384 propter
986 1343 1140 1375 nimiam
1172 1352 1294 1375 meam
1323 1351 1416 1384 erga
1444 1342 1654 1375 Lutherum
1682 1341 1932 1379 affectionem,

300 1397 338 1427 ct
363 1396 450 1436 quia
477 1396 632 1429 videbar
660 1396 800 1438 populo
830 1398 1005 1440 dogmate
1034 1397 1099 1429 illo
1124 1407 1304 1439 perverso
1332 1397 1498 1439 plaeere,
1528 1397 1567 1429 in
1597 1405 1747 1429 errores
1771 1397 1935 1438 turpiter

301 1450 415 1482 incidi
443 1452 480 1483 01
517 1461 581 1483 005
609 1452 812 1493 predicavi.
847 1453 1086 1494 Cognoscens
1125 1453 1244 1494 igitur
1274 1461 1342 1494 per
1374 1453 1443 1485 Dei
1475 1452 1637 1494 gratiam
1668 1451 1866 1485 veritatem
1897 1452 1936 1484 et

300 1506 517 1544 instructus,
544 1506 655 1539 aliter
679 1508 844 1539 sentiens
870 1517 1004 1540 revoco
1034 1510 1071 1540 et
1094 1509 1272 1546 retracto,
1300 1508 1340 1540 ut
1370 1508 1459 1545 dixi,
1487 1516 1616 1539 omnes
1644 1515 1807 1546 errores,
1841 1515 1934 1547 quos

299 1561 490 1601 predicavi
515 1563 551 1593 et
568 1563 668 1594 501151
686 1565 723 1594 01
740 1563 785 1595 de
810 1563 945 1603 quibus
962 1563 1223 1595 confabulatus
1248 1573 1341 1601 sum,
1369 1564 1406 1595 et
1431 1563 1565 1595 damno
1591 1571 1740 1595 omnem
1763 1570 1934 1595 errorem

300 1619 336 1647 et
354 1615 553 1654 haeresim,
571 1617 808 1658 potissimum
833 1617 1114 1657 Lutlierianffln,
1141 1620 1178 1650 et
1203 1618 1409 1659 amplector
1422 1618 1535 1650 fidem
1559 1616 1795 1656 catholicam,
1822 1626 1933 1658 quam

300 1672 404 1703 tonet
428 1674 463 1703 ct
491 1672 660 1712 predicat
688 1674 816 1704 sancta
838 1673 1011 1705 Romana
1038 1673 1209 1711 ecclesia,
1236 1675 1274 1706 et
1298 1674 1332 1706 01
1357 1683 1416 1705 1110
1440 1673 1479 1705 111
1504 1673 1577 1705 11110
1602 1673 1640 1705 01
1663 1672 1836 1704 omnibus
1861 1681 1933 1713 que

301 1726 421 1762 docet,
448 1726 626 1758 submitto
651 1728 689 1759 et
713 1727 835 1760 eidem
859 1729 1039 1769 promitto
1065 1730 1102 1761 et
1124 1729 1200 1769 J'am
1223 1729 1322 1769 juro,
1349 1729 1446 1761 sicut
1467 1728 1545 1769 ‚iam
1568 1727 1725 1769 promisi
1742 1728 1780 1760 et
1795 1727 1930 1768 juravi,

300 1780 483 1813 adherere
501 1783 539 1813 et
554 1781 762 1814 Lutherum
779 1792 862 1814 cum
881 1793 948 1815 5110
966 1784 1141 1825 dogmate
1158 1783 1289 1825 procul
1308 1793 1329 1815 a
1345 1793 1404 1815 1110
1422 1783 1598 1824 abjicere.
1620 1797 1636 1810 s·

344 1835 497 1874 Quibus,
524 1837 619 1868 sicut
636 1838 880 1878 premittitur,
900 1837 1020 1876 lectis,
1046 1838 1148 1870 illico
1174 1838 1316 1871 similes
1341 1838 1510 1878 ejusdem
1536 1837 1728 1870 sentencie
1753 1836 1932 1870 articulos

300 1891 336 1922 in
352 1891 571 1923 teuthonica
587 1891 716 1934 lingua
734 1892 846 1932 hujus
860 1893 981 1934 patrie
996 1893 1205 1926 Brabancie
1220 1893 1384 1925 fideliter
1399 1893 1613 1931 translatos,
1628 1893 1670 1925 ut
1682 1892 1800 1934 prius,
1819 1892 1932 1925 etiam

300 1946 448 1987 publice
466 1948 504 1978 et
521 1946 595 1979 alta
611 1956 701 1979 voce
715 1947 808 1989 legit
826 1949 863 1979 et
878 1948 1049 1989 protulit.

343 2001 391 2033 Et
413 2003 546 2042 expost
570 2003 708 2040 statim,
734 2003 843 2034 factis
867 2003 996 2044 paucis
1020 2004 1145 2036 verbis
1171 2004 1216 2036 ad
1241 2005 1401 2037 eundem
1430 2003 1623 2045 populum,
1654 2003 1776 2036 oravit
1803 2012 1932 2036 omnes

298 2058 335 2088 et
363 2056 545 2098 singulos,
579 2057 765 2090 utdevote
799 2058 844 2089 ad
874 2059 1171 2099 omnipotentem
1202 2060 1323 2091 Deum
1352 2069 1483 2100 preces
1507 2059 1722 2097 funderent,
1757 2058 1932 2099 quatinus

299 2111 420 2143 eidem
438 2112 483 2143 110
497 2113 705 2144 commissis
722 2113 902 2154 predictis
919 2114 1113 2146 erroribus
1131 2114 1338 2146 clementer
1355 2115 1602 2146 misereretur
1633 2114 1671 2146 et
1702 2114 1930 2155 ignosceret.

343 2166 411 2197 His
435 2167 610 2207 peractis,
637 2169 867 2200 reverendus
894 2169 1066 2200 dominus
1092 2169 1337 2201 Hieronimus
1361 2169 1563 2207 Aleander,
1590 2168 1871 2200 commissarius
1896 2169 1933 2200 et

299 2221 452 2252 nuntius
467 2222 695 2262 apostolicus
713 2223 863 2255 1101111110
882 2224 1108 2255 sanctissimi
1127 2224 1269 2255 domini
1288 2224 1407 2255 nostri
1425 2233 1520 2265 pape
1539 2224 1576 2255 ct
1594 2223 1694 2255 sedis
1711 2222 1930 2264 apostolice,

302 2285 445 2308 necnon
464 2277 584 2308 dictus
601 2278 824 2319 magnificus
843 2279 1015 2310 dominus
1033 2279 1276 2311 Hieronimus
1294 2279 1373 2310 Van
1393 2279 1459 2311 der
1476 2279 1587 2317 Noot,
1605 2278 1755 2310 nomine
1773 2278 1932 2310 Cesaree

302 2334 337 2362 01
369 2331 553 2364 catholice
586 2333 806 2373 maiestatis,
841 2342 883 2365 ac
910 2334 1079 2374 prefatus
1111 2334 1342 2366 reverendus
1370 2333 1408 2365 in
1442 2333 1590 2365 Christo
1619 2334 1728 2374 pater
1759 2333 1932 2364 dominus

303 2386 562 2428 suffraganeus
589 2389 627 2419 et
655 2387 826 2420 officialis
854 2398 896 2420 ac
923 2389 1053 2420 vicarii
1084 2389 1245 2430 predicti
1278 2388 1428 2420 nomine
1456 2387 1762 2420 reverendissimi
1791 2387 1932 2419 domini

303 2442 582 2474 Cameracensis
598 2443 807 2483 respective
832 2443 877 2475 de
902 2444 940 2475 et
964 2453 1077 2485 super
1093 2444 1287 2484 premissis
1305 2443 1478 2475 omnibus
1503 2444 1541 2475 et
1564 2442 1724 2484 singulis
1741 2442 1933 2483 petierunt

302 2504 320 2527 a
339 2505 397 2528 me
415 2496 626 2537 subscripto
644 2497 791 2529 notario
810 2498 864 2530 eis
883 2498 942 2531 edi
960 2507 1025 2531 5011
1039 2499 1173 2531 00111101
1188 2498 1379 2540 publicum
1397 2507 1462 2531 seu
1476 2496 1628 2539 publica
1640 2497 1931 2534 instrumentum

302 2552 339 2581 et
357 2551 617 2583 instrumenta.

324 2606 437 2637 ‘Acta
460 2607 613 2638 fuerunt
637 2606 707 2639 hec
731 2616 841 2647 anno,
868 2608 1086 2647 indictione,
1114 2609 1186 2647 die,
1212 2618 1353 2647 mense,
1380 2607 1474 2640 hora
1498 2609 1537 2641 et
1558 2608 1779 2649 pontificatu
1797 2607 1932 2649 quibus

303 2669 427 2700 supra,
446 2661 684 2701 presentibus
702 2662 841 2694 ibidem
859 2663 1007 2695 eximiis
1032 2672 1137 2696 sacre
1163 2663 1355 2706 theologie
1383 2663 1663 2704 professoribus
1681 2672 1722 2695 30
1739 2662 1932 2705 magistris

304 2714 492 2746 Ludovi‹·o
518 2716 675 2749 Corone]
703 2718 740 2749 et
762 2717 937 2750 Johanne
963 2718 1162 2756 Quintana,
1190 2718 1253 2759 qui
1277 2719 1382 2759 prius
1408 2727 1567 2750 unacum
1590 2718 1800 2750 reverendo
1823 2718 1932 2759 patro

302 2768 475 2801 ,1011311110
503 2770 674 2812 (3113111011,
705 2772 887 2805 Caesaree
916 2773 1124 2814 maiestatis
1152 2774 1381 2811 confessore,
1413 2774 1449 2805 et
1477 2772 1669 2815 magistris
1697 2771 1854 2805 Nicolao
1887 2772 1932 2803 de

304 2823 500 2864 Egmonda
537 2834 579 2857 ac
608 2826 750 2859 Jacobo
783 2827 969 2866 Lathomi,
1010 2837 1116 2860 sacre
1153 2828 1291 2870 pagine
1334 2828 1563 2866 doctoribus,
1597 2827 1711 2860 etiam
1749 2827 1932 2869 magistro

304 2877 504 2910 Francisco
529 2881 669 2913 vander
693 2881 817 2920 Hulst,
843 2883 1039 2923 utriusque
1062 2882 1158 2923 juris
1182 2882 1381 2915 licenciato
1409 2884 1447 2915 et
1470 2883 1509 2915 in
1536 2881 1694 2914 consilio
1723 2881 1932 2914 Brabancie

304 2932 532 2971 consiliario,
551 2943 594 2966 ac
611 2935 695 2976 alijs
709 2937 772 2976 qui
785 2938 860 2969 tam
874 2937 1080 2978 apostolica
1096 2946 1207 2977 quam
1225 2937 1385 2970 Cesarea
1402 2946 1444 2970 ac
1461 2937 1653 2969 ordinaria
1669 2936 1932 2969 commissione

302 2988 510 3028 respective
542 2989 586 3021 ad
619 2998 775 3024 examen
808 2993 845 3025 et
875 2992 1163 3026 instructionem
1190 2992 1328 3034 prefati
1344 2992 1473 3025 fratris
1504 2991 1649 3031 Jacobi,
1669 2992 1710 3025 ut
1743 2990 1932 3024 notorium
