2096 3481
850 255 916 289 AN
923 254 988 290 No
1015 255 1098 288 1525
1743 256 1805 290 323

208 363 258 398 Et
284 365 322 397 in
348 363 615 406 quibus-vobis
640 363 831 397 videbitur
852 364 897 397 de
923 365 1082 398 consilio
1108 364 1320 406 aliquorum
1346 364 1551 406 proborum
1576 365 1743 398 virorum
1769 367 1806 399 in

166 419 361 462 theologia
382 421 446 452 aut
468 420 553 462 Jure
577 419 787 461 peritorum
813 422 878 452 aut
902 420 1026 458 unius,
1055 421 1214 452 duorum
1233 419 1290 452 vel
1308 419 1474 461 plurium
1499 419 1723 453 clericorum
1747 421 1807 455 vel

165 473 349 507 laicorum
377 474 492 507 simili
520 475 631 507 modo
659 475 870 516 peritorum
899 484 967 516 per
998 475 1118 516 ipsam
1144 475 1400 517 Margaretam
1427 475 1472 516 (si
1500 475 1677 518 volucrit)
1702 477 1808 510 vobis

167 529 506 572 adiungendorum,
522 529 669 562 sublato
684 530 815 570 quovis
829 529 978 572 diffugii
993 530 1186 563 obstaculo
1202 532 1239 563 ct
1251 532 1364 572 prout
1378 530 1474 562 sacri
1488 540 1650 564 canones
1664 531 1805 571 volunt,

166 585 280 617 etiam
307 584 562 627 appellatione
591 584 760 626 qualibet
786 586 944 623 remota,
977 585 1159 618 decidatis
1187 587 1225 618 ct
1253 586 1327 618 fine
1361 586 1487 618 debito
1521 587 1732 619 terminetis
1765 596 1807 620 ac

165 640 376 672 sentencias
394 649 462 682 per
487 650 552 672 vos
576 649 692 681 super
715 640 937 672 criminibus
955 640 1121 673 heresim
1139 640 1356 682 hujusmodi
1374 641 1608 683 sapientibus
1627 641 1808 675 duntaxat

164 695 354 734 ferendas,
374 695 567 736 quibusvis
585 694 903 736 appellationibus
922 695 1035 728 etiam
1053 696 1098 728 ad
1115 696 1242 729 sedem
1260 695 1505 738 apostolicam
1522 696 1808 738 interponendis

164 749 315 791 penitus
342 750 508 792 rejectis,
542 751 656 783 etiam
674 751 705 782 si
732 749 884 782 illarum
901 752 1077 792 pretextu
1103 751 1149 783 ad
1177 750 1441 784 inhibitionem
1458 760 1677 793 processum
1695 754 1807 790 essct,

164 805 322 846 perinde
351 813 393 837 ac
421 805 453 837 si
481 806 558 838 tres
586 805 802 838 conformes
831 815 974 839 summe
1002 806 1041 838 in
1071 807 1200 838 nostro
1229 807 1313 839 rote
1343 807 1531 839 auditorio
1561 806 1635 839 late
1668 810 1807 847 essent,

165 859 291 893 debite
309 860 525 893 executioni
543 860 779 894 demandetis
804 862 841 893 et
865 861 1085 893 demandari
1110 861 1277 902 faciatis3
1297 862 1413 894 testes
1431 862 1556 894 autem
1574 862 1637 902 qui
1665 863 1809 895 fuerint

164 915 360 954 nominati,
386 916 418 948 si
441 924 481 948 se
506 915 643 958 gratia,
671 916 757 948 odio
781 915 839 948 vel
866 916 1002 949 timore
1028 916 1334 955 substracserint,
1359 926 1519 950 censura
1543 916 1658 949 simili
1683 918 1810 960 appel-

164 968 306 1003 latione
319 972 505 1009 cessante,
525 970 762 1013 compellatis
780 971 930 1004 veritati
948 972 1205 1004 testimonium
1222 971 1438 1013 perhibere.

208 1026 286 1059 Nos
311 1027 437 1059 autem
453 1026 558 1059 vobis
575 1027 804 1059 monitiones
822 1028 860 1060 et
876 1027 1076 1060 citationes
1095 1036 1362 1068 quascumque,
1382 1028 1544 1060 constito
1569 1028 1614 1061 dc
1633 1038 1707 1062 non
1726 1030 1805 1062 tuto

165 1089 317 1114 accessu
345 1091 412 1115 seu
441 1082 540 1123 quod
567 1091 636 1124 pro
665 1083 938 1115 monitionibus
965 1084 1002 1115 et
1029 1083 1273 1115 citationibus
1302 1083 1519 1124 hujusmodi
1548 1084 1744 1123 faciendis,
1775 1085 1807 1117 si

163 1136 333 1178 ipsorum
356 1137 632 1170 monendorum
657 1138 695 1170 ct
718 1137 955 1170 citandorum
972 1137 1171 1179 presencia
1196 1137 1328 1169 haberi
1347 1138 1573 1179 nequiverit,
1598 1148 1667 1180 per
1684 1140 1808 1172 edicta

162 1191 314 1233 publica
337 1191 430 1225 locis
454 1192 616 1234 publicis
641 1193 841 1236 affigenda,
869 1202 940 1234 que
964 1193 1123 1235 perinde
1148 1193 1250 1234 ipsos
1275 1192 1454 1236 arc[t]ent
1478 1202 1519 1226 ac
1544 1194 1576 1226 si
1601 1194 1655 1227 eis
1679 1204 1807 1236 perso-

163 1246 301 1280 naliter
341 1247 544 1281 inthimata
580 1249 721 1291 forent,
760 1249 942 1290 faciendi3
989 1257 1030 1280 ac
1069 1249 1203 1280 contra
1241 1257 1498 1289 quoscumque
1537 1250 1807 1291 cuiuscumque

162 1303 294 1342 status,
327 1303 481 1346 graduS,
517 1304 660 1336 ordinis
692 1305 731 1337 et
761 1304 989 1336 conditionis
1029 1312 1095 1336 seu
1130 1304 1407 1345 preeniinentie
1440 1305 1605 1338 existent
1643 1306 1681 1338 et
1719 1315 1807 1347 qua-

160 1366 320 1400 cumque
358 1358 617 1392 ecclesiastica
654 1360 769 1392 etiam
807 1358 1014 1401 episcopali
1053 1358 1112 1391 vel
1156 1359 1471 1401 archiepiscopali
1511 1360 1696 1402 dignitate
1739 1371 1805 1394 seu

159 1413 350 1446 mundana
380 1415 494 1447 etiam
524 1414 648 1448 ducali
680 1415 906 1448 auctoritate
936 1413 1192 1456 prefulgeant,
1230 1415 1349 1456 ipsius
1386 1414 1542 1448 Martini
1574 1417 1613 1448 et
1644 1416 1805 1449 aliorum

160 1466 351 1500 heresium
390 1470 428 1502 et
466 1478 716 1502 erroneorum
756 1470 974 1512 dogmatum
1014 1470 1222 1501 sectatores
1262 1470 1300 1502 et
1340 1478 1520 1510 sequaces
1561 1479 1603 1502 ac
1643 1471 1689 1504 de
1728 1471 1804 1503 illis

160 1524 345 1565 suspectis
370 1525 409 1557 et
433 1525 634 1558 diffamatis
659 1524 887 1566 illorumque
911 1525 1183 1566 receptatores,
1202 1525 1371 1557 fautores
1389 1526 1427 1557 et
1444 1525 1665 1559 defensores
1683 1536 1725 1559 ac
1751 1527 1805 1559 eis

159 1577 353 1619 auxilium,
369 1579 570 1612 consilium
588 1582 626 1613 et
641 1581 811 1613 favorem
829 1581 971 1613 directe
989 1579 1047 1612 vel
1062 1579 1261 1617 indirecte,
1276 1579 1429 1622 publice
1454 1581 1512 1613 vel
1539 1581 1686 1615 occulte
1703 1591 1807 1623 pres-

159 1633 282 1667 tantes
300 1644 447 1667 necnon
463 1645 529 1668 vos
546 1636 585 1667 in
603 1637 786 1669 exercitio
805 1636 920 1668 officii
937 1636 1196 1676 inquisitionis
1221 1635 1439 1677 huJ'usmodi
1457 1636 1633 1670 similiter
1659 1638 1803 1670 directe

158 1688 218 1722 vel
231 1689 415 1723 indirecte
432 1691 683 1733 impedientes
700 1692 918 1733 inquirendi
933 1693 970 1724 et
982 1691 1233 1733 procedendi3
1249 1700 1291 1723 ac
1304 1691 1523 1733 huJ'usmodi
1540 1692 1624 1726 labe
1642 1693 1803 1725 infectos

158 1746 403 1786 preterquam
420 1747 619 1789 episcopos
636 1748 675 1780 et
692 1747 998 1789 archiepiscopos
1016 1747 1191 1788 capiendi
1208 1749 1246 1779 et
1269 1748 1485 1780 carceribus
1503 1748 1743 1790 mancipandi
1761 1758 1803 1781 ac

159 1802 292 1833 contra
308 1810 372 1834 eos
390 1803 428 1834 et
444 1803 546 1844 ipsos
564 1802 762 1844 episcopos
780 1804 818 1835 et
834 1802 1142 1844 archiepiscopos
1159 1811 1359 1844 processus
1376 1803 1583 1844 formandi;
1602 1812 1802 1845 processus

158 1857 292 1889 contra
307 1857 505 1899 episcopos
529 1859 567 1891 et
584 1858 891 1900 archiepiscopos
908 1859 1091 1891 formatos
1109 1857 1248 1900 sigillis
1264 1859 1401 1891 vestris
1419 1858 1567 1892 clausos
1585 1860 1632 1892 ad
1650 1869 1717 1892 nos
1734 1869 1803 1901 per

156 1920 223 1944 vos
240 1914 387 1945 mature
416 1914 687 1946 examinandos
713 1914 1013 1955 transmittendi3
1033 1915 1247 1947 sentencias
1271 1923 1361 1947 vero
1386 1916 1519 1947 contra
1544 1924 1800 1956 quoscumque

157 1966 252 2000 alios
288 1970 363 2000 tam
387 1968 697 2002 interlocutorias
728 1978 839 2010 quam
868 1969 1087 2002 diffinitivas
1114 1970 1264 2002 ferendi
1291 1969 1454 2011 illosque
1477 1971 1586 2012 Juxta
1602 1971 1803 2003 canonicas

156 2022 372 2056 sanctiones
389 2025 427 2057 et
443 2027 661 2057 sanctorum
689 2027 839 2067 patrum
865 2025 1029 2064 decreta,
1055 2026 1170 2066 prout
1195 2025 1357 2066 qualitas
1382 2035 1605 2059 excessuum
1629 2026 1804 2069 exegerit

155 2077 214 2111 vel
231 2080 463 2112 conscientie
481 2082 606 2113 vestre
623 2081 827 2118 videbitur,
845 2081 1029 2122 puniendi
1047 2084 1085 2113 et
1101 2081 1210 2122 penis
1235 2081 1372 2114 debitis
1388 2081 1599 2123 plectendi;
1619 2084 1656 2114 et
1673 2082 1719 2114 ad
1736 2091 1802 2114 cor

154 2134 282 2167 redire
299 2134 471 2168 nolentes
499 2136 544 2168 ab
563 2135 723 2169 ecclesie
751 2136 1016 2169 communione
1044 2136 1163 2168 veluti
1180 2136 1333 2178 putrida
1357 2137 1527 2169 membra
1544 2138 1738 2179 separatos
1763 2139 1802 2171 et

156 2189 295 2222 divisos
323 2199 406 2224 esse
434 2192 472 2224 et
500 2191 732 2224 damnationi
761 2193 891 2225 eterne
920 2201 1005 2224 cum
1039 2192 1178 2224 Satana
1205 2193 1243 2224 et
1274 2191 1421 2234 angelis
1449 2193 1531 2234 ers
1560 2193 1728 2225 addictos
1757 2202 1800 2225 ac

154 2247 339 2287 perpetuo
356 2246 516 2280 infames
544 2249 582 2280 et
608 2247 846 2280 intestabiles
874 2256 957 2280 esse
986 2256 1028 2280 ac
1045 2256 1207 2289 corpora
1235 2256 1379 2286 corum,
1404 2250 1604 2289 postquam
1623 2248 1800 2281 defuncta

154 2301 310 2340 fuerint,
344 2301 541 2343 sepultura
571 2302 829 2336 ecclesiastica
859 2312 990 2336 carere
1030 2303 1169 2335 debere
1209 2303 1450 2342 decernendi,
1485 2304 1737 2336 denunciandi
1762 2305 1801 2337 et

155 2355 389 2398 declarandi3
409 2367 555 2391 necnon
573 2359 760 2392 universis
778 2360 816 2391 et
840 2357 1002 2401 singulis
1021 2358 1163 2391 Christi
1191 2358 1379 2397 fidelibus,
1406 2360 1447 2391 ut
1464 2358 1550 2391 illos
1568 2359 1605 2390 in
1624 2359 1798 2392 omnibus

155 2412 193 2444 et
209 2420 278 2453 per
294 2413 421 2445 omnia
437 2415 614 2454 tanquam
632 2414 754 2446 erucis
773 2413 913 2447 Christi
930 2414 1104 2446 inimicos
1118 2414 1283 2447 habeant
1301 2415 1338 2446 et
1354 2415 1544 2456 reputent,
1560 2414 1798 2448 absolutione

153 2465 320 2506 illorum,
336 2477 429 2509 quos
443 2477 527 2501 cum
545 2469 599 2502 cis
616 2470 929 2502 communicando
947 2478 1064 2511 penas
1081 2479 1150 2510 per
1167 2479 1232 2501 vos
1250 2469 1478 2512 infligendas
1496 2470 1693 2503 incurrere
1710 2480 1796 2503 con-

153 2522 297 2564 tigerit,
313 2523 421 2556 nobis
435 2525 473 2556 et
489 2525 770 2557 successoribus
789 2525 928 2557 nostris
952 2524 1135 2557 Romanis
1152 2524 1395 2566 pontificibus
1418 2534 1461 2557 ac
1486 2525 1645 2558 durante
1669 2527 1795 2558 vestro

153 2576 405 2620 delegationis
422 2578 640 2621 hujusmodi
667 2580 791 2612 officio
815 2580 920 2612 vobis
937 2581 1132 2612 reservata
1148 2580 1385 2621 precipicndi
1402 2582 1440 2612 ct
1456 2580 1680 2622 mandandi;
1706 2583 1744 2614 et
1763 2582 1796 2614 si

153 2631 269 2674 aliqui
284 2634 392 2675 Juxta
409 2643 603 2668 sacrorum
620 2645 807 2668 canonum
824 2636 998 2668 instituta
1014 2644 1082 2677 per
1100 2636 1312 2668 sentencias
1327 2637 1471 2668 vestras
1489 2636 1643 2668 veniant
1660 2637 1793 2679 degra-

152 2688 278 2728 dandi,
304 2690 538 2723 ordinarium
555 2691 641 2730 loci,
667 2692 706 2724 in
732 2701 804 2732 quo
834 2694 967 2723 eontra
995 2690 1109 2724 talem
1138 2691 1421 2734 degradandum
1440 2701 1660 2733 processum
1677 2693 1794 2725 fuerit

152 2746 216 2776 aut
231 2753 300 2787 pro
329 2755 373 2779 eo
401 2746 635 2788 pontificalia
663 2747 787 2780 officia
810 2748 1052 2780 exercentem
1081 2746 1138 2779 vel
1157 2756 1432 2788 quemcumque
1457 2746 1571 2779 alium
1588 2748 1792 2789 proximio-

150 2809 232 2833 rem
249 2801 479 2843 episcopum,
500 2804 540 2834 ut
558 2803 603 2835 ad
621 2803 932 2846 degradationem
951 2801 1136 2835 actualem
1155 2801 1240 2835 talis
1259 2803 1491 2844 degradandi
1509 2803 1665 2844 eiusque
1687 2804 1792 2837 curie

151 2855 333 2889 secularis
350 2858 591 2891 traditionem
619 2859 812 2900 procedat,
839 2858 1081 2899 requirendi3
1101 2859 1139 2890 et
1164 2858 1195 2890 si
1225 2858 1346 2890 dictus
1371 2858 1586 2891 ordinarius
1612 2868 1677 2891 seu
1696 2858 1792 2892 alius

152 2912 351 2955 episcopus
373 2914 556 2955 prefatus,
583 2915 646 2956 qui
672 2915 724 2947 sic
742 2915 948 2956 requisitus
974 2913 1020 2946 ad
1046 2914 1357 2956 degradationem
1383 2913 1612 2955 hujusmodi,
1641 2916 1792 2948 ostensa

151 2968 224 3001 sibi
240 2969 322 3004 sola
337 2971 532 3004 sentencia
554 2973 692 3011 vestra,
719 2971 860 3012 absque
885 2979 930 3004 eo
956 2969 1056 3011 quod
1072 2979 1273 3012 processus
1290 2970 1423 3003 contra
1439 2970 1562 3012 ipsum
1580 2970 1788 3015 degradan-
