2096 3481
328 267 390 300 322
1019 263 1155 299 ANNO
1182 264 1265 298 1525

371 376 462 408 Cum
489 376 625 413 autem,
655 374 751 407 sicut
777 374 945 408 exhibita
975 374 1081 407 nobis
1110 384 1229 417 nuper
1258 384 1326 417 pro
1351 375 1458 416 parte
1488 374 1585 407 dicte
1611 372 1806 416 Magarete
1833 371 1954 406 archi-

328 430 473 462 ducisse
498 430 630 471 petitio
659 430 886 468 continebat,
906 429 993 462 licet
1017 430 1136 462 dictus
1154 430 1382 463 Laurentius
1411 428 1614 461 cardinalis
1633 428 1679 461 ad
1695 427 1958 461 executionem

329 485 511 516 dictarum
528 484 740 517 litterarum
765 484 914 517 illarum
941 485 1064 517 forma
1092 486 1239 518 servata
1266 484 1488 526 procedens,
1520 483 1583 524 qui
1613 483 1684 515 sibi
1703 483 1748 516 de
1765 482 1960 524 premissis

329 548 397 580 per
419 539 723 572 informationem
753 540 914 581 desuper
940 540 1076 572 factam
1094 539 1279 582 legittime
1305 539 1485 577 constitit,
1517 538 1758 571 Franciscum
1784 537 1897 570 Hulst
1923 537 1962 569 et

332 593 425 625 alios
442 603 510 635 per
538 594 676 626 dictum
701 595 1005 635 predecessorem
1034 595 1072 626 in
1101 595 1275 627 dominiis
1307 593 1486 636 predictis
1515 594 1645 625 forsan
1672 592 1869 634 deputatos
1894 599 1960 624 seu

331 649 587 689 coassumptos
604 648 648 680 ab
666 648 923 689 inquisitionis
941 649 1064 681 officio
1082 648 1293 690 hujusmodi
1312 647 1524 680 absolveret
1549 648 1586 680 et
1615 647 1806 679 amoveret
1829 655 1872 678 ac
1895 654 1960 678 vos

331 704 369 734 et
385 702 589 742 quemlibet
616 705 781 735 vestrum
809 702 1010 735 insolidum
1036 703 1073 735 in
1099 703 1296 736 Alemania
1322 702 1501 736 Inferiori
1525 703 1563 734 et
1580 701 1755 734 dominiis
1781 700 1962 742 predictis

329 757 420 788 dicti
436 757 615 790 horrendi
635 758 821 800 dogmatis
844 758 1087 798 hereticeque
1110 759 1306 800 pravitatis
1329 757 1528 800 generales
1553 756 1799 797 inquisitores
1823 754 1960 788 consti-

331 812 445 844 tuerit
472 813 510 844 et
534 812 782 853 deputaverit,
810 813 991 853 vobisque
1020 814 1058 845 et
1084 814 1249 846 vestrum
1281 812 1437 845 cuilibet
1469 811 1619 854 plenam
1647 812 1685 844 et
1709 810 1962 843 omnimodam

330 868 554 907 potestatem
571 869 703 900 contra
721 877 849 900 omnes
868 869 904 900 et
922 867 1092 910 singulos
1110 868 1377 909 cuiuscumque
1395 868 1525 906 status,
1545 867 1684 909 gradus
1701 864 1760 899 vel
1778 865 1960 898 conditio-

331 921 388 952 nis
402 922 620 960 existerent,
641 922 686 954 de
703 924 741 955 et
765 931 877 964 super
896 923 994 955 dicto
1021 923 1197 965 dogmate
1225 924 1263 956 et
1286 922 1456 955 heretica
1480 922 1665 963 pravitate
1691 919 1907 961 inquirendi
1924 919 1963 952 et

331 984 424 1016 quos
441 975 647 1017 culpabiles
663 977 884 1018 reperiretis
914 977 1021 1019 juxta
1044 987 1265 1010 excessuum
1295 977 1495 1018 qualitates
1521 975 1715 1018 puniendi,
1734 975 1816 1007 fisci
1842 974 1963 1007 nostri

330 1033 585 1072 promotorem
616 1034 653 1065 et
680 1034 964 1074 procuratorem
997 1034 1202 1075 deputandi
1231 1043 1273 1066 ac
1300 1034 1596 1075 quibuscumque
1612 1031 1800 1074 J‘udicibus
1825 1032 1863 1064 et
1877 1039 1961 1073 per-

331 1087 432 1118 sonis
451 1087 563 1119 etiam
582 1087 671 1120 dicti
688 1087 819 1129 palatii
837 1089 1071 1121 auditoribus
1098 1098 1163 1122 seu
1181 1088 1481 1121 locatenentibus
1498 1089 1612 1121 ctiam
1630 1095 1863 1128 quacumque
1880 1094 1964 1118 auc-

331 1141 482 1174 toritate
514 1143 759 1184 fungentibus
784 1144 822 1176 et
852 1144 1039 1176 functuris
1068 1144 1135 1176 sub
1165 1143 1563 1176 excommunicationis
1596 1143 1634 1175 et
1669 1141 1754 1175 aliis
1793 1140 1962 1173 censuris

331 1195 596 1229 ecclesiasticis
614 1206 656 1229 ac
674 1197 758 1230 aliis
774 1198 894 1239 penis,
915 1199 1049 1239 quibus
1075 1208 1167 1240 opus
1184 1199 1296 1237 foret,
1314 1198 1510 1231 inhibendi
1528 1198 1565 1230 et
1583 1196 1658 1229 alia
1681 1198 1766 1228 tunc
1783 1203 1964 1237 expressa

330 1251 492 1283 faciendi
505 1251 723 1285 facultatem
739 1254 981 1292 concesserit,
998 1263 1138 1295 vosque
1153 1253 1316 1286 officium
1333 1252 1588 1294 inquisitionis
1604 1250 1822 1294 huiusmodi
1838 1249 1963 1283 debite

330 1307 368 1338 et
384 1305 588 1348 diligenter
605 1316 788 1341 exercere
805 1308 1003 1342 studeatis.

374 1360 630 1394 Nihilominus
658 1362 830 1395 nonnulli
846 1363 1015 1396 locorum
1033 1364 1228 1402 ordinarii,
1255 1373 1298 1397 eo
1319 1363 1495 1405 pretextu
1513 1362 1612 1404 quod
1629 1362 1676 1395 ad
1693 1371 1757 1395 eos
1775 1361 1821 1394 de
1840 1360 1963 1394 causis

331 1415 498 1448 heretice
522 1417 718 1458 pravitatis
743 1427 973 1461 cognoscere
998 1419 1220 1460 pertineret,
1239 1428 1304 1451 vos
1327 1418 1472 1460 judices
1495 1418 1695 1459 prevenire
1719 1416 1903 1449 conentur
1926 1415 1965 1448 et

331 1471 436 1517 vobis
453 1471 520 1503 sub
539 1473 708 1504 censuris
730 1473 768 1505 et
792 1472 875 1505 aliis
899 1473 1006 1514 penis
1030 1473 1296 1507 ecclesiasticis
1314 1482 1360 1506 ne
1384 1474 1517 1505 contra
1532 1472 1733 1514 preventos
1749 1470 1963 1512 procedatis

334 1526 594 1562 interdicatur,
614 1536 655 1559 ac
673 1527 762 1559 dicti
780 1528 963 1560 ordinarii
980 1529 1017 1561 et
1035 1538 1165 1561 eorum
1183 1527 1362 1561 officiales
1386 1529 1543 1570 propter
1559 1527 1728 1560 locorum
1746 1525 1963 1558 distantiam

332 1582 370 1613 et
385 1582 585 1622 presertim
602 1581 767 1623 hyemali
791 1584 961 1624 tempore
977 1583 1169 1615 vobiscum
1193 1583 1387 1615 commode
1412 1584 1450 1616 et
1471 1583 1610 1624 absque
1635 1581 1813 1624 gravibus
1831 1589 1965 1622 expen-

333 1636 384 1668 sis
417 1637 618 1669 convenire
652 1639 852 1678 nequeant,
883 1640 921 1670 et
947 1647 1031 1670 cum
1059 1638 1295 1677 conveniant,
1325 1647 1400 1670 non
1431 1637 1542 1670 facile
1569 1637 1761 1669 vobiscum
1787 1635 1826 1668 in
1852 1644 1964 1668 unam

331 1691 556 1723 sententiam
573 1692 889 1730 condescendant,
909 1702 981 1734 quo
1008 1694 1050 1725 fit
1066 1695 1107 1725 ut
1122 1702 1322 1734 processus
1347 1693 1479 1725 contra
1503 1691 1718 1733 hujusmodi
1734 1690 1966 1732 pernitiosis—

331 1746 416 1777 simi
453 1746 638 1788 dogmatis
671 1748 877 1780 sectatores
909 1747 1137 1789 prolixiores
1169 1748 1376 1780 reddantur
1412 1749 1449 1780 et
1482 1747 1654 1780 executio
1690 1745 1842 1787 justicie
1878 1744 1964 1786 plus

333 1801 459 1833 debito
478 1801 694 1834 retardetur
708 1811 750 1834 ac
767 1811 812 1835 ex
832 1803 953 1835 officio
972 1803 1228 1843 inquisitionis
1245 1803 1462 1844 huJ'usmodi
1479 1802 1584 1834 vobis
1602 1800 1800 1833 commisso
1817 1800 1964 1832 votivus

332 1865 406 1887 non
431 1856 606 1888 succedat
637 1857 804 1896 effectus,
838 1867 907 1898 pro
939 1859 1047 1899 parte
1080 1858 1178 1890 dicte
1209 1857 1426 1900 Margarete
1459 1856 1715 1890 archiducisse
1755 1855 1863 1888 nobis
1891 1855 1966 1887 fuit

331 1910 523 1944 humiliter
540 1910 802 1952 supplicatum,
822 1914 863 1945 ut
886 1921 955 1953 pro
972 1912 1188 1953 hujusmodi
1205 1913 1387 1954 pestifera
1415 1911 1499 1945 labe
1528 1911 1754 1945 eradicanda
1769 1911 1808 1944 et
1823 1909 1967 1952 suppri-

331 1966 468 1998 menda
483 1966 522 1998 in
539 1966 734 2008 premissis
751 1969 937 2009 oportune
953 1968 1153 2009 providere
1172 1968 1216 2000 de
1233 1968 1468 2010 benignitate
1488 1966 1694 2009 apostolica
1707 1965 1962 2008 dignaremur.

376 2021 453 2053 Nos
477 2021 607 2063 igitur,
634 2031 794 2062 quorum
825 2024 882 2055 est
907 2031 975 2063 pro
1012 2022 1132 2055 salute
1161 2022 1290 2065 gregis
1319 2022 1498 2054 dominici
1525 2022 1633 2054 nobis
1657 2020 1848 2054 commissi
1876 2019 1965 2052 huic

332 2076 514 2117 nepharie
545 2076 671 2109 heresi
699 2077 801 2109 omni
833 2086 906 2118 quo
940 2087 1139 2119 possumus
1167 2077 1310 2110 salubri
1344 2078 1512 2110 remedio
1542 2077 1707 2115 obviare,
1746 2075 1966 2108 discretioni

332 2132 468 2169 vestre,
488 2131 534 2164 de
547 2140 620 2172 qua
643 2132 681 2164 in
709 2132 768 2164 his
796 2132 998 2173 specialem
1022 2132 1060 2164 in
1086 2132 1246 2165 Domino
1271 2133 1449 2165 fiduciam
1467 2132 1648 2175 gerimus,
1666 2139 1736 2173 per
1759 2129 1966 2172 apostolica

334 2186 474 2228 scripta
494 2187 726 2224 mandamus,
745 2188 929 2228 quatenus
946 2197 1010 2219 vos
1040 2187 1098 2220 vel
1124 2187 1196 2220 duo
1223 2188 1286 2220 aut
1302 2197 1398 2220 unus
1416 2188 1581 2220 vestrum
1605 2195 1675 2228 per
1691 2195 1757 2218 vos
1772 2184 1832 2218 vel
1849 2184 1965 2218 alium

334 2250 400 2274 seu
418 2241 524 2280 alios,
544 2242 722 2274 adhibitis
740 2242 786 2282 (si
810 2243 915 2275 vobis
942 2242 1143 2283 videbitur)
1161 2242 1270 2274 dictis
1298 2242 1467 2275 locorum
1495 2242 1696 2274 ordinariis
1713 2240 1772 2274 vel
1790 2241 1871 2273 sine
1888 2239 1965 2273 illis

334 2296 474 2328 vocatis
505 2297 568 2337 qui
595 2298 738 2329 fuerint
765 2297 956 2335 evocandi,
991 2306 1120 2330 omnes
1148 2298 1185 2330 et
1213 2297 1382 2339 singulas
1415 2306 1546 2330 causas
1564 2296 1781 2338 hujusmodi
1799 2295 1965 2329 heresim

335 2351 523 2392 sapientes
547 2352 659 2384 ctiam
677 2351 904 2390 criminales,
923 2352 1113 2385 Luterana
1129 2353 1167 2385 et
1183 2352 1257 2384 alia
1277 2352 1406 2393 quevis
1430 2361 1590 2385 erronea
1617 2353 1656 2385 et
1678 2359 1858 2393 perversa
1873 2351 1964 2383 doc-

334 2406 435 2438 trina
461 2415 503 2438 ac
527 2406 630 2439 illius
659 2407 855 2439 occasione
883 2407 922 2439 in
950 2407 1147 2440 Alemanie
1175 2408 1212 2440 et
1239 2406 1418 2440 Flandrie
1446 2407 1626 2448 predictis
1655 2416 1698 2439 ac
1725 2404 1965 2448 Burgundie',

335 2460 551 2500 Brabantic‚
571 2462 794 2504 Limburgii‚
820 2462 1101 2504 Lucemburgii,
1132 2462 1321 2501 Arthesie,
1351 2462 1564 2501 Hannonie,
1594 2460 1814 2500 Hellandie,
1832 2460 1964 2494 Zelan·

336 2516 408 2554 die,
428 2517 460 2548 N
465 2517 618 2554 amurci,
638 2516 840 2549 Mechlinie
859 2518 896 2549 et
913 2517 1034 2550 Frisie
1051 2517 1221 2558 partibus
1246 2517 1400 2549 ditionis
1426 2518 1515 2549 dicti
1539 2516 1661 2550 Caroli
1684 2516 1788 2559 regis
1813 2525 1855 2549 ac
1879 2515 1964 2549 aliis

334 2571 490 2612 prefatis
508 2571 682 2603 dominiis
699 2573 850 2604 exortas
877 2573 915 2604 et
940 2581 1030 2612 quas
1047 2573 1188 2604 exoriri
1212 2572 1427 2614 contigerit,
1448 2582 1532 2604 cum
1557 2572 1730 2604 omnibus
1748 2572 1786 2604 et
1801 2570 1963 2614 singulis

336 2625 411 2658 illis
429 2626 584 2659 annexis
601 2627 639 2659 et
662 2627 841 2659 connexis
867 2636 909 2659 ac
926 2627 1223 2668 dependentibus
1249 2628 1286 2659 et
1303 2627 1584 2669 emergentibus
1602 2627 1647 2659 ab
1669 2627 1724 2660 eis
1742 2625 1966 2668 simpliciter

337 2683 373 2713 et
391 2681 435 2714 de
451 2681 562 2723 plano
581 2681 661 2714 sine
678 2682 838 2723 strepitu
858 2683 895 2714 et
912 2682 1035 2724 figura
1049 2682 1193 2723 judicii,
1209 2683 1321 2723 prout
1334 2682 1372 2714 in
1386 2682 1571 2714 similibus
1585 2681 1739 2723 procedi
1755 2681 1961 2720 consuevit,

337 2735 416 2768 sola
437 2737 528 2769 facti
542 2737 701 2769 veritate
718 2737 899 2778 inspecta,
916 2737 1053 2769 auditis
1076 2736 1163 2768 hinc
1191 2737 1279 2769 inde
1296 2737 1512 2778 propositis,
1532 2746 1649 2778 usque
1667 2737 1780 2769 etiam
1798 2736 1844 2769 ad
1868 2735 1962 2768 diffi-

336 2792 487 2823 nitivam
506 2792 735 2824 sentenciam
751 2791 946 2829 inclusive,
976 2792 1089 2824 etiam
1117 2792 1149 2823 si
1175 2801 1244 2833 per
1261 2792 1472 2824 ordinarios
1500 2791 1669 2824 locorum
1693 2801 1760 2824 seu
1784 2790 1963 2824 officiales

335 2855 465 2878 eorum
480 2856 548 2888 per
564 2847 782 2879 citationem
800 2846 857 2879 vel
875 2846 989 2879 alium
1006 2848 1129 2879 actum
1145 2847 1386 2888 J'udiciarium
1410 2847 1584 2889 preventi
1607 2847 1770 2886 fueritis,
1797 2846 1870 2879 nisi
1885 2846 1959 2888 ipsi

335 2902 506 2942 preventi
534 2901 730 2934 actualiter
746 2902 959 2934 carceribus
975 2902 1179 2944 mancipati
1194 2902 1348 2941 fuerint,
1367 2911 1440 2943 quo
1463 2911 1550 2934 casu
1563 2902 1636 2944 ipsi
1653 2901 1836 2934 ordinarii
1852 2901 1964 2935 antea

335 2955 387 2987 sic
400 2955 651 2989 incarceratos
669 2965 743 2990 una
755 2957 946 2990 vobiscum
963 2958 1001 2990 et
1017 2966 1091 2990 non
1109 2956 1201 2990 alias
1218 2957 1424 2999 procedere
1441 2957 1599 2999 possint,
1626 2957 1806 3000 audiatis3
