2096 3481
804 289 942 323 ANNO
968 289 1051 322 1520
1703 288 1745 321 29

105 404 256 442 tatibus,
292 401 520 439 civitatibus,
553 400 701 439 castris,
736 400 849 433 terris
888 401 928 432 et
964 399 1070 438 locis,
1112 407 1178 433 seu
1218 407 1351 432 eorum
1389 398 1448 432 vel
1489 407 1618 432 earum
1657 398 1745 432 civi-

104 459 186 498 bus,
216 457 493 491 habitatoribus
517 458 556 489 et
582 455 728 494 incolis,
759 464 802 488 ac
830 454 1024 496 quibusvis
1060 453 1145 487 aliis
1173 454 1346 496 personis
1375 453 1654 493 ecelesiasticis,
1685 454 1743 488 vel

103 513 344 557 regularibus
372 512 428 553 (ut
444 511 672 554 praefertur)
701 519 770 552 per
786 510 1004 543 universum
1030 509 1172 547 orbem,
1193 509 1431 550 ubicumque,
1457 509 1682 550 praesertim
1706 509 1743 541 in

103 568 302 603 Alemania
335 567 586 600 existentibus
613 565 671 599 vel
703 574 773 607 pro
802 566 972 606 tempore
1000 565 1150 601 futuris,
1186 574 1232 596 ne
1260 564 1451 605 praefatos
1480 573 1643 602 errores,
1681 566 1746 596 aut

102 632 233 657 eorum
250 622 408 664 aliquOS,
427 629 720 664 perversamque
733 620 943 652 doctrinam
958 619 1174 660 huJ'usmodi
1190 628 1374 657 asserere,
1395 618 1597 657 affirmare,
1614 619 1741 652 defen-

103 679 204 717 dere,
230 678 463 720 praedicare,
489 677 554 709 aut
578 675 634 708 illi
659 675 956 716 quomodolibet,
976 674 1126 716 publice
1141 673 1197 707 vel
1225 673 1384 712 occulte,
1404 674 1576 714 quaesito
1591 674 1744 717 ingenio

102 733 160 767 vel
174 732 314 772 colore,
331 733 443 765 tacite
457 731 515 765 vel
535 740 715 773 expresse
732 732 860 763 favere
877 731 1133 772 praesumant.

144 789 168 829 ἓ
183 788 214 820 5.
234 787 405 829 Insuper,
425 787 514 828 quia
538 795 688 819 errores
705 786 867 827 praefati
891 786 928 818 et
945 785 1072 826 plures
1099 784 1163 817 alii
1191 784 1435 816 continentur
1451 784 1490 816 in
1515 783 1654 817 libellis
1678 793 1744 817 seu

102 843 253 885 seriptis
286 842 440 875 Martini
466 841 621 879 Luther,
653 841 774 873 dictos
802 840 952 873 libellos
981 842 1019 873 et
1048 840 1174 872 omnia
1203 839 1292 871 dicti
1322 838 1476 871 Martini
1505 840 1647 880 scripta
1677 849 1743 871 seu

100 898 413 940 praedicationes,
434 897 471 929 in
496 896 627 934 latino,
646 896 705 928 vel
730 905 965 936 quocumque
984 895 1057 927 alio
1077 895 1255 926 idiomate
1272 894 1526 935 reperiantur,
1552 894 1589 926 in
1609 894 1744 934 quibus

102 953 192 985 dicti
209 961 359 986 errores
377 962 443 985 seu
469 960 600 985 eorum
617 951 754 992 aliquis
778 951 1033 988 continentur,
1054 949 1230 982 similiter
1248 950 1480 987 damnamus,
1496 950 1744 990 reprobamus

101 1009 213 1049 atque
238 1007 402 1040 omnimo
428 1007 634 1049 rejicimus,
661 1008 699 1039 et
721 1015 789 1048 pro
813 1007 965 1038 omnino
990 1005 1188 1043 damnatis,
1212 1004 1425 1046 reprobatis
1450 1005 1488 1036 et
1511 1004 1664 1044 rejectis
1690 1004 1746 1044 (ut

100 1063 329 1104 praefertur)
352 1062 485 1095 haberi
510 1061 694 1100 volumus,
721 1062 941 1094 mandantes
965 1061 1002 1093 in
1027 1061 1167 1093 virtute
1191 1061 1343 1092 sanctae
1370 1059 1593 1092 obedientac
1616 1061 1654 1092 et
1675 1059 1743 1090 sub

100 1118 233 1159 poenis
258 1118 463 1159 praedictis
493 1127 536 1149 co
564 1118 646 1158 ipso
674 1117 926 1152 incurrendis.
954 1116 1128 1148 omnibus
1156 1116 1195 1148 et
1222 1114 1382 1156 singulis
1410 1114 1606 1155 utriusque
1632 1122 1743 1146 sexus

101 1172 241 1206 Christi
261 1172 436 1206 fidelibus
455 1173 630 1214 superius
651 1172 865 1209 nominatis,
889 1181 933 1204 ne
954 1170 1171 1211 hujusmodi
1194 1170 1345 1210 scripta,
1366 1168 1527 1207 libellos,
1549 1169 1744 1210 praedica-

100 1228 222 1261 tiones
253 1237 319 1261 scu
348 1227 560 1265 schedulas,
593 1227 651 1260 vel
688 1228 726 1259 in
763 1227 817 1259 eis
850 1227 1028 1258 contenta
1058 1224 1235 1266 capitula,
1266 1233 1418 1257 errores
1458 1226 1522 1257 aut
1560 1223 1742 1256 articulos

100 1283 336 1324 supradictos
368 1282 613 1321 continentia,
647 1282 789 1324 legere,
820 1290 1003 1319 asserere,
1039 1280 1272 1322 praedicare,
1306 1279 1473 1317 laudare,
1510 1279 1741 1320 imprimere,

99 1338 293 1380 publicare
321 1338 398 1370 sive
433 1338 649 1373 defendero.
673 1346 741 1378 per
764 1346 803 1370 se
826 1337 884 1369 vel
915 1336 1030 1369 alium
1060 1344 1126 1368 scu
1159 1334 1266 1373 alios,
1293 1335 1436 1367 directe
1460 1333 1517 1367 vel
1543 1334 1741 1372 indirecte,

100 1393 213 1426 tacite
231 1393 289 1425 vel
307 1402 498 1434 expresse,
517 1392 667 1434 publice
685 1392 742 1425 vel
761 1392 919 1430 occulte,
945 1393 1009 1424 aut
1026 1391 1063 1423 in
1082 1390 1254 1423 domibus
1272 1390 1349 1422 suis
1368 1390 1446 1421 sive
1472 1389 1555 1422 aliis
1581 1389 1742 1430 publicis

100 1448 157 1481 vel
175 1449 332 1490 privatis
350 1447 456 1486 locis,
476 1450 606 1481 tenere
632 1457 782 1488 quoquo
805 1448 915 1479 modo
934 1447 1200 1488 praesumant:
1221 1445 1310 1486 quin
1329 1445 1404 1476 imo
1422 1444 1489 1477 illa
1505 1445 1633 1476 statim
1657 1446 1744 1485 post

100 1502 234 1535 harum
258 1503 552 1545 publicationem
576 1503 803 1543 ubicumque
828 1502 982 1540 fuerint,
1002 1510 1070 1543 per
1095 1500 1307 1533 ordinarios
1326 1502 1364 1532 et
1387 1499 1481 1532 alios
1505 1499 1743 1540 supradictos

99 1557 303 1600 diligenter
327 1558 509 1599 quaesita,
539 1558 688 1599 publice
715 1560 754 1590 et
778 1557 1000 1590 solemniter
1026 1557 1064 1588 in
1090 1555 1283 1597 presentia
1311 1554 1403 1587 cleri
1433 1556 1470 1588 ct
1498 1554 1642 1596 populi,
1673 1554 1742 1586 sub

102 1613 275 1645 omnibus
293 1615 330 1645 et
347 1613 507 1655 singulis
525 1613 752 1655 supradictis
766 1613 911 1654 poenis,
931 1612 1167 1644 comburant.

141 1669 164 1709 ἓ
179 1668 212 1701 6.
228 1668 335 1707 Quod
348 1677 437 1701 vero
452 1669 498 1701 ad
516 1669 639 1710 ipsum
652 1668 858 1701 Martinum
875 1668 1022 1705 attinet,
1039 1667 1151 1708 (bone
1165 1666 1281 1706 Deus)
1295 1665 1385 1706 quid
1398 1664 1739 1706 praetermisimus,

99 1723 190 1764 quid
216 1733 290 1756 non
313 1724 484 1761 fecimus,
509 1724 598 1764 quid
624 1725 804 1765 paternae
827 1723 1023 1755 charitatis
1050 1721 1257 1759 omisimus,
1278 1722 1319 1752 ut
1343 1729 1428 1752 eum
1454 1720 1498 1752 ab
1524 1719 1741 1761 liuJusmodi

48 1806 58 1814 s
100 1778 295 1812 erroribus
326 1779 615 1812 revocaremus?
647 1779 852 1819 Postquam
885 1778 985 1810 enim
1017 1777 1140 1818 ipsum
1171 1776 1381 1813 citavimus,
1416 1775 1545 1807 mitius
1577 1784 1662 1807 cum
1694 1784 1738 1807 eo

100 1834 309 1876 procedere
333 1833 515 1872 volentes,
540 1833 648 1866 illum
671 1834 911 1866 invitavimus
936 1834 1047 1873 atque
1074 1834 1149 1864 tam
1173 1840 1242 1873 per
1267 1831 1437 1863 diversos
1456 1831 1638 1862 tractatus
1656 1839 1741 1862 cum

98 1888 225 1931 legato
251 1891 379 1922 nostro
410 1889 558 1922 habitos
593 1898 705 1930 quam
737 1898 806 1930 per
835 1888 966 1920 literas
1000 1889 1148 1920 nostras
1175 1886 1317 1918 hortati
1346 1886 1499 1924 fuimus,
1525 1886 1567 1917 ut
1591 1894 1612 1917 a
1637 1893 1742 1926 prae—

99 1944 208 1976 dictis
226 1945 419 1977 erroribus
437 1944 645 1983 discedere,
672 1946 736 1977 aut
753 1943 880 1976 oblato
899 1944 1015 1976 etiam
1032 1942 1135 1975 salvo
1153 1942 1352 1979 conducto,
1373 1942 1410 1973 et
1427 1940 1589 1982 pecunia
1605 1940 1651 1972 ad
1668 1940 1741 1972 iter

98 2000 324 2038 necessaria,
344 2000 425 2032 sine
442 2001 544 2032 metu
562 2009 629 2032 seu
647 2000 783 2031 timore
801 1998 940 2039 aliqu0,
961 2007 1072 2039 quem
1089 1998 1260 2039 perfecta
1276 1996 1442 2029 charitas
1465 1997 1568 2028 foras
1589 1995 1741 2027 mittere

99 2054 240 2093 debuit,
258 2055 417 2092 veniret,
437 2064 480 2087 ac
497 2054 702 2087 salvatoris
721 2055 842 2086 nostri
867 2052 1106 2095 apostolique
1132 2051 1242 2085 Pauli
1267 2050 1458 2093 exemplo,
1479 2061 1552 2083 non
1579 2049 1739 2088 occulto,

98 2110 164 2142 sed
187 2109 324 2151 palam,
344 2112 382 2143 et
404 2110 443 2142 in
460 2110 556 2143 faeie
574 2109 807 2151 loqueretur.
828 2109 936 2148 Quod
960 2109 992 2141 si
1010 2108 1175 2146 fecisset,
1194 2116 1263 2149 pro
1282 2109 1387 2139 certo
1415 2107 1472 2148 (ut
1497 2105 1740 2146 arbitramur)

99 2165 146 2197 ad
177 2174 242 2197 cor
272 2174 459 2203 reversus,
494 2174 645 2198 errores
673 2175 761 2198 suos
793 2164 1035 2207 cognovisset
1065 2173 1072 2195 z
1104 2172 1172 2196 nec
1200 2163 1239 2195 in
1272 2162 1448 2195 Romana
1478 2161 1595 2200 curia,
1629 2169 1741 2201 quam

98 2221 296 2262 tantopere
313 2221 418 2253 vanis
435 2220 707 2253 malevolorum
723 2220 940 2252 rumoribus
957 2218 1041 2260 plus
1060 2228 1171 2259 quam
1189 2218 1361 2259 oportuit
1379 2217 1579 2250 tribuendo
1597 2216 1741 2257 vitupe-

98 2278 169 2315 rat,
184 2277 240 2308 tot
255 2276 478 2317 reperiisset
494 2277 631 2314 errata,
652 2276 985 2316 docuissemusque
1003 2283 1089 2306 cum
1106 2273 1190 2306 luce
1207 2273 1359 2310 clarius,
1380 2273 1529 2304 sanctos
1546 2271 1740 2304 Romanos

97 2330 296 2373 pontifices
318 2331 630 2373 praedecessores
653 2332 815 2369 nostros,
842 2340 935 2371 quos
960 2330 1112 2371 praeter
1137 2338 1286 2361 omnem
1307 2327 1530 2360 modestiam
1556 2326 1740 2368 inJuriose

98 2385 251 2425 lacerat,
267 2387 305 2419 in
324 2387 400 2419 suis
418 2387 624 2419 canonibus
642 2395 708 2419 seu
726 2385 1072 2423 constitutionibus,
1088 2393 1182 2425 quos
1196 2384 1370 2416 mordere
1385 2383 1531 2420 nititur,
1549 2390 1740 2422 nunquam

98 2450 246 2475 errasse
265 2452 272 2474 :
293 2442 380 2483 quia
395 2443 503 2483 J'uxta
519 2441 756 2483 prophetam,
777 2450 844 2474 nec
862 2441 899 2473 in
918 2440 1057 2473 Galaad
1074 2440 1202 2472 resina
1220 2448 1288 2471 nec
1305 2438 1472 2470 medicus
1491 2437 1609 2469 deest.

141 2497 165 2537 §
190 2497 222 2529 7.
257 2496 330 2530 Sed
363 2497 555 2529 obaudivit
586 2506 747 2538 semper,
781 2499 820 2530 et
850 2496 1046 2538 praedicta
1075 2495 1268 2533 citatione,
1304 2493 1478 2526 omnibus
1511 2494 1549 2525 et
1577 2491 1738 2534 singulis

99 2553 324 2593 supradictis
342 2553 491 2594 spretis,
511 2553 640 2586 venire
657 2553 896 2594 cont-empsit,
913 2561 955 2584 ac
972 2560 1090 2592 usquc
1107 2551 1145 2582 in
1162 2550 1402 2592 praesentem
1420 2548 1519 2581 diem
1537 2549 1739 2580 contumax

99 2608 210 2648 atque
233 2608 358 2640 animo
382 2608 557 2640 indurato
583 2617 762 2641 censuras
787 2607 888 2640 ultra
911 2615 1049 2639 annum
1074 2605 1270 2646 sustinuit3
1290 2606 1328 2637 et
1350 2604 1449 2645 quod
1474 2603 1642 2636 deterius
1666 2604 1735 2642 est,

99 2662 240 2695 addens
257 2662 354 2695 mala
371 2662 492 2701 malis,
518 2663 563 2695 de
587 2663 768 2696 citatione
793 2662 1009 2704 hujusmodi
1034 2661 1207 2694 notitiam
1231 2660 1387 2697 habens,
1414 2659 1452 2691 in
1476 2667 1606 2691 vocem
1624 2660 1738 2691 teme-

98 2717 221 2750 rariae
239 2717 502 2760 appellationis
520 2719 694 2760 prorupit
711 2719 757 2751 ad
774 2719 943 2750 futurum
960 2716 1174 2754 concilium,
1194 2718 1327 2747 contra
1343 2714 1656 2746 constitutionem
1674 2713 1735 2745 Pii

99 2773 253 2805 secundi
282 2783 323 2806 ac
353 2773 448 2807 Julii
476 2774 643 2812 secundi,
674 2774 1009 2815 praedecessorum
1039 2774 1268 2809 nostrorum,
1304 2779 1378 2811 qua
1408 2771 1574 2808 cavetur,
1610 2768 1737 2801 taliter

100 2827 332 2869 appellantes
361 2828 640 2862 haeretieorum
663 2838 787 2870 poena
813 2828 1033 2870 plectendos
1065 2828 1223 2869 (frustra
1248 2826 1349 2858 enim
1377 2823 1528 2857 concilii
1553 2823 1736 2856 auxilium

100 2881 326 2924 imploravit,
361 2884 425 2925 qui
447 2883 504 2916 illi
533 2894 573 2916 se
598 2894 672 2916 non
696 2884 853 2917 credere
881 2882 1005 2925 palam
1031 2882 1259 2924 profitetur),
1290 2881 1343 2913 ita
1370 2881 1412 2913 ut
1439 2881 1571 2912 contra
1598 2879 1734 2920 ipsum,

101 2938 289 2979 tamquam
314 2939 360 2972 de
384 2939 458 2972 fide
482 2939 630 2972 notorie
654 2941 882 2982 suspectum,
909 2938 984 2970 imo
1008 2947 1097 2971 vere
1121 2936 1367 2974 haereticum,
1397 2935 1538 2976 absque
1560 2933 1735 2967 ulteriori

102 2992 281 3028 citatione
316 2993 373 3027 vel
406 3003 512 3028 mora
550 2995 596 3027 ad
635 2994 986 3029 condemnationem
1022 2995 1060 3027 et
1095 2992 1375 3026 damnationem
1413 2990 1508 3032 ejus,
1542 2991 1731 3030 tamquam
