2096 3481
854 267 992 301 ANNO
1020 266 1102 300 1321
1760 267 1798 299 sl

154 377 200 412 ad
224 377 377 421 plenum
400 379 648 414 confidentes.
664 379 769 412 vobis
795 378 928 412 harum
948 380 1047 414 serie
1064 381 1296 423 conjunctim
1310 379 1367 413 vel
1394 380 1541 412 divisim
1567 380 1802 412 committen-

153 435 241 466 dum
259 434 434 467 duximus
453 437 489 467 et
507 435 790 472 committimus,
811 437 1010 476 quatenus,
1038 438 1192 469 evocato
1220 445 1347 469 coram
1370 435 1475 467 vobis
1494 434 1640 477 1'1ratre]
1658 435 1800 467 -Jacobo

154 490 381 531 Praepositi,
412 490 539 531 priore
569 490 792 522 monasterii
821 490 966 522 ordinis
993 490 1184 534 flratrum]
1214 491 1487 524 heremitarum
1516 491 1551 521 S.
1586 490 1803 531 Augustini,

154 545 282 586 oppidi
306 545 607 586 Aniverpiensis.
635 546 787 577 nostrae
806 545 1001 581 dioecesis,
1029 546 1074 577 de
1095 545 1256 581 haeresi.
1284 547 1325 578 ut
1349 546 1485 580 fertur.
1514 548 1688 586 suspecto
1709 546 1749 578 ct
1766 547 1807 577 ut

155 599 222 632 tali
255 600 353 642 apud
387 600 672 633 serenissimum
706 600 900 632 dominum
934 601 1105 633 nostrum
1142 601 1413 642 imperatorem
1447 603 1484 632 et
1518 610 1584 632 nos
1617 601 1804 639 accusato,

155 664 224 697 pro
243 664 287 688 eo
313 655 413 696 quod
439 656 580 688 sectam
605 654 836 688 haereticam
862 656 992 688 fratris
1018 656 1172 689 Martini
1191 656 1348 689 Lutheri
1374 656 1543 697 ejusdcm
1563 656 1719 695 ordinis,
1738 665 1807 698 per

156 711 436 743 sanctissimum
454 711 647 743 dominum
665 712 836 743 nostrum
862 720 997 752 papam
1017 711 1164 744 illinsve
1181 712 1515 753 praedecessorem
1534 721 1575 743 ac
1593 711 1805 748 ecelesiam.

155 766 196 798 ut
214 766 411 804 asseritur,
433 766 660 805 damnatam,
680 766 938 808 approbando.
958 767 1087 808 plures
1106 767 1287 800 articulos
1306 768 1343 800 in
1361 767 1461 799 dicto
1488 767 1626 808 oppido
1650 768 1808 800 Antver-

154 821 277 862 piensi
311 820 435 863 palam
467 821 689 863 praedicare
723 831 764 853 ac
797 822 835 854 in
868 822 1028 855 diversis
1067 822 1173 861 locis,
1215 823 1329 855 etiam
1371 823 1407 854 in
1447 823 1587 855 mensis
1621 824 1695 855 tam
1729 823 1806 855 suis

155 876 321 918 propriis
362 885 474 917 quam
515 875 676 909 aliorum
717 877 920 916 affirmare,
961 879 1073 918 atque
1115 878 1289 911 homines
1323 878 1369 910 ad
1401 878 1683 910 concedendum
1717 887 1806 910 suae

156 931 327 972 opinioni
344 932 525 965 inducere
543 933 581 965 et
598 932 831 974 persuadere
849 942 923 965 non
942 934 1000 966 est
1017 933 1172 971 veritus,
1192 932 1374 975 populum
1393 942 1414 966 a
1438 933 1498 965 via
1514 935 1618 966 reeta
1635 934 1805 966 veritatis

154 988 192 1019 et
219 987 372 1020 sanetae
397 986 581 1020 ecclesiae
621 987 863 1030 dogmatibus
900 997 1030 1021 errare
1067 989 1243 1021 faciendo
1270 990 1307 1021 et
1333 989 1534 1029 praeterea
1563 988 1805 1030 prisonnario

154 1042 374 1080 constitute,
401 1042 525 1084 ipsum
549 1043 708 1075 fratrem
726 1042 910 1075 ι111001111111
938 1043 1155 1085 Praepositi
1174 1046 1212 1076 et
1230 1052 1344 1085 super
1358 1043 1530 1076 articulis
1547 1045 1753 1085 praetactis
1771 1048 1809 1077 et

154 1096 238 1129 aliis
270 1097 569 1138 quibuscumque
601 1097 773 1130 articulis
807 1099 979 1131 erroneis
1009 1099 1119 1139 ,iuxta
1151 1101 1317 1131 vostram
1351 1099 1623 1131 discretionem
1657 1100 1729 1131 sibi
1763 1100 1807 1131 ad

154 1152 377 1185 memoriam
394 1153 562 1185 reductis
581 1155 618 1185 et
636 1153 852 1191 declaratis,
873 1153 1080 1196 diligenter
1098 1155 1336 1187 examinetis.

199 1207 248 1240 Et
275 1208 307 1240 si
339 1207 426 1240 illos
459 1217 641 1241 erroneos
674 1209 712 1240 in
743 1209 943 1241 ecclesiam
972 1209 1042 1242 Dei
1075 1210 1113 1242 ct
1144 1211 1316 1242 sanctum
1344 1209 1448 1242 illius
1482 1211 1621 1253 dogma
1653 1211 1810 1244 tendere

155 1262 390 1302 inveneritis,
427 1265 561 1296 contra
584 1273 670 1296 eum
695 1265 733 1296 et
757 1273 1015 1305 quoscumque
1041 1264 1136 1297 alios
1161 1266 1237 1297 tam
1255 1265 1459 1307 religiosos
1477 1268 1513 1298 et
1531 1266 1810 1299 ecclesiasticos

155 1327 266 1359 quam
284 1318 400 1351 laicos
418 1319 526 1351 nobis
544 1319 727 1357 subditos,
745 1320 882 1352 dictam
900 1321 1041 1352 sectam
1059 1321 1317 1353 doctrinantes
1335 1322 1400 1353 aut
1417 1322 1557 1354 sectam
1571 1322 1807 1363 profitentes,

155 1373 386 1406 affirmantes
404 1377 441 1407 et
454 1375 730 1416 praedicant-effi
746 1376 784 1407 et
801 1375 1009 1416 quemlibet
1023 1385 1167 1413 eorum,
1188 1376 1435 1417 inquisitione
1454 1378 1564 1415 faeta,
1581 1379 1808 1410 auctoritate

154 1431 284 1462 nostra
295 1430 403 1470 Juxta
418 1431 578 1462 formam
594 1431 690 1471 juris
708 1432 744 1463 et
762 1432 962 1463 canonicas
977 1432 1261 1471 sanctiones,ad
1275 1432 1394 1473 ipsius
1412 1433 1449 1465 et
1463 1432 1624 1465 aliorum
1638 1434 1809 1474 praedie-

154 1486 291 1523 torum,
319 1486 525 1517 seeundum
551 1486 784 1527 exigentiam
812 1496 966 1519 casuum
992 1497 1160 1525 suorum,
1192 1488 1239 1519 ad
1267 1488 1634 1526 comlemnationem‚
1661 1498 1808 1521 corree—

155 1540 310 1578 tionem,
336 1541 573 1582 punitionem
588 1542 661 1573 rite=
685 1542 913 1582 procedatis,
941 1542 1091 1584 aliaque,
1116 1543 1241 1575 onmia
1266 1545 1304 1575 et
1328 1543 1490 1586 singula,
1511 1545 1662 1584 quaein
1681 1544 1810 1585 hujus-

157 1595 259 1628 modi
292 1596 550 1637 inquisitionis
586 1597 740 1638 negotio
777 1598 994 1630 necessaria
1024 1599 1181 1637 suerint,
1215 1599 1364 1631 faciatis
1397 1601 1435 1631 et
1467 1600 1718 1640 exequamini.
1752 1601 1809 1633 Ad

159 1651 258 1692 quod
277 1653 424 1684 nostras
442 1652 542 1684 vices
559 1651 750 1693 plenarias
767 1653 873 1685 vobis
891 1653 1161 1686 committimus
1180 1663 1220 1686 ae
1238 1654 1459 1686 facultatem
1484 1656 1521 1686 et
1546 1656 1811 1688 auctoritatem

156 1706 407 1748 impertimus.
437 1707 480 1739 In
510 1708 617 1748 cnjus
646 1708 759 1740 tidem
789 1710 826 1740 et
854 1709 1113 1741 testimoninm
1143 1709 1314 1751 sigillum
1342 1710 1465 1751 maJus
1498 1711 1626 1743 euriae
1658 1713 1810 1744 nostrae

156 1762 422 1803 praesentibus
440 1762 580 1794 litteris
599 1764 775 1796 duximus
793 1765 1096 1805 appendendum.

202 1817 339 1850 Datum
379 1819 417 1850 et
456 1820 579 1850 actum
621 1818 838 1858 Bimxellae,
877 1820 999 1851 dictae
1033 1821 1185 1852 nostrae
1228 1821 1425 1859 dioecesis,
1469 1831 1566 1854 anno
1608 1822 1809 1855 millesimo

157 1873 464 1913 quingentesimo
482 1874 665 1916 vigesimo
684 1874 819 1916 prime,
839 1875 980 1907 mensis
999 1875 1220 1908 Decembris
1239 1877 1299 1908 die
1318 1879 1437 1909 sexta.

513 1951 763 1993 Koninklijke
793 1952 1039 1985 Bibliotheek
1069 1955 1104 1985 te
1134 1953 1303 1990 Brussel.
1338 1954 1587 1987 Handselirii't
1621 1962 1659 1988 11¹·
1689 1956 1806 1993 16315.

557 2007 621 2039 l'ol,
641 2007 700 2038 3:3¹¹
715 2018 761 2039 en
777 2017 904 2043 verso:
920 2009 1030 2041 reeds
1045 2009 1250 2049 asgedrukt
1264 2010 1312 2051 bij
1331 2010 1570 2049 Dion-mons,
1591 2011 1807 2057 Antrerpia.

558 2062 640 2094 doel
660 2062 728 2101 III,
747 2063 818 2095 blz.
839 2064 997 2096 347-349.
1016 2083 1059 2086 —
1078 2064 1150 2096 Ilei·
1169 2065 1317 2097 bisdom
1344 2066 1542 2108 Kamerijk
1567 2068 1711 2100 strekte
1730 2069 1809 2100 zich

557 2127 647 2149 over
672 2119 743 2150 don
769 2119 1038 2152 reeliteroever
1063 2120 1131 2151 der
1149 2119 1310 2152 Selieldc
1335 2121 1402 2157 uit.
1430 2123 1563 2154 zoodat
1579 2124 1809 2165 Antwerpen

557 2183 598 2205 er
618 2174 653 2205 in
673 2174 835 2216 gelegen
854 2184 879 2205 xx
891 2184 942 2206 as.
962 2193 1005 2197 —
1022 2175 1064 2207 In
1084 2175 1129 2207 de
1148 2175 1365 2217 Latijnsche
1385 2177 1550 2210 stukken
1568 2188 1638 2210 van
1653 2179 1725 2211 den
1744 2180 1810 2220 tijd

556 2229 677 2260 wordt
703 2229 748 2261 de
774 2230 1047 2271 Antwerpselie
1072 2230 1178 2271 prior
1196 2230 1301 2272 altijd
1318 2231 1483 2264 ,lacobus
1510 2233 1725 2274 Praepositi
1750 2235 1810 2276 (en

559 2285 637 2316 niet
674 2285 935 2326 praepositus)
971 2286 1171 2327 genoemd.
1214 2286 1286 2318 Dat
1326 2285 1444 2319 latere
1485 2288 1688 2330 schrijvers
1724 2289 1811 2322 hem

555 2338 700 2384 Spreny
732 2339 881 2372 hebben
921 2340 1122 2383 gehecten,
1157 2340 1263 2373 komt
1301 2342 1598 2384 waarsehijnlijk
1631 2345 1685 2376 uit
1718 2354 1811 2377 eene.

558 2394 767 2427 verkeerde,
786 2395 911 2438 lezing
935 2398 1056 2434 voort,
1076 2405 1168 2428 1-001ἱ
1191 2396 1401 2441 Jprens[is].
1422 2398 1456 2429 11.
1478 2398 1500 2430 i.
1521 2399 1724 2441 geboortig
1741 2410 1809 2432 van

557 2450 718 2491 Ieperen
743 2451 781 2482 in
807 2451 1059 2483 Ylaanderen.
1087 2452 1164 2493 (Zie
1182 2451 1358 2488 Janssen,
1376 2451 1537 2486 ,Iacobus
1555 2453 1809 2498 Praepositus,

558 2506 627 2538 blz.
654 2507 747 2547 ⁶2:29.)
777 2507 818 2539 In
848 2517 968 2539 eenen
997 2507 1097 2539 briei
1125 2517 1215 2540 over
1232 2509 1303 2541 den
1330 2510 1427 2541 dood
1453 2519 1521 2541 van
1541 2510 1714 2543 IIendrik
1739 2522 1809 2544 van

558 2561 743 2603 Zutplien,
772 2563 866 2594 door
891 2562 975 2595 hem
1002 2572 1071 2594 aan
1091 2563 1235 2596 Lutlier
1253 2564 1485 2605 geschl'evell
1506 2565 1631 2601 (lm-bi,
1653 2566 1738 2598 lieet
1758 2567 1808 2609 liij

556 2616 717 2650 Jacobus
733 2626 806 2651 von
824 2616 994 2662 Hypern.

938 2755 1023 2799 55.

228 2883 382 2928 Ev'mle
412 2889 550 2936 1521,
581 2885 822 2940 (Brassel).
846 2889 970 2932 Brief
988 2904 1072 2934 van
1096 2892 1228 2935 Jacob
1248 2893 1530 2949 Praepositus
1553 2907 1635 2937 aaa
1662 2893 1715 2952 zij
1725 2909 1806 2938 nen

160 2956 314 3000 vriend
335 2956 513 3015 Caspar,
543 2971 647 3001 over
669 2958 721 3002 de
745 2959 1079 3017 vervolgingen,
1107 2961 1174 3005 die
1200 2962 1256 3020 hij
1284 2966 1326 3006 te
1350 2962 1484 3020 lijden
1509 2963 1645 3008 heeft.
