2096 3481
836 291 972 325 ANNO
999 291 1081 325 1525
1709 290 1773 322 443

141 404 182 436 ut
198 412 244 436 ex
261 412 334 435 uno
351 411 556 445 congressu
574 401 766 443 conjicias,
785 400 916 441 lector,
936 401 1066 443 quales
1084 400 1227 434 fuerint
1242 400 1394 442 reliqui,
1414 410 1487 433 non
1512 400 1635 433 minus
1659 399 1771 433 multi

140 467 249 499 quam
278 457 489 499 obstreperi
517 457 646 498 (unum
675 456 774 489 enim
806 466 890 489 eum
921 458 1035 495 noris,
1067 466 1196 489 omnes
1230 456 1361 498 noris),
1395 457 1628 498 postremum
1657 455 1770 488 huius

138 512 301 551 fabulae,
321 513 395 545 imo
415 512 633 554 tragoediae
651 513 774 544 actum
793 512 860 544 tibi
881 512 1050 544 dabimus
1066 522 1072 544 :
1094 513 1130 544 in
1157 522 1242 553 que,
1262 512 1377 545 veluti
1395 512 1432 544 in
1451 511 1603 553 speculo
1621 520 1768 550 cernas,

140 568 257 601 amice
275 567 406 605 lector,
426 576 536 609 quam
554 567 798 600 vehementer
822 569 1008 606 exerceat,
1028 568 1158 609 agitet,
1178 568 1222 599 ad
1246 569 1478 609 postremum
1496 567 1596 599 suria
1619 575 1768 607 quoque

139 623 298 664 quadam
326 623 476 655 invadat
501 622 639 655 Sathan
671 632 738 654 sua
767 623 966 663 mancipia,
991 623 1190 655 dummodo
1223 623 1403 663 perdatur
1433 621 1616 659 Christus,
1644 622 1769 662 oppri-

137 679 262 711 matur
293 678 430 710 veritas
460 688 467 710 :
503 686 597 718 quae
626 686 672 710 ne
701 678 821 719 portis
851 678 1000 718 quidem
1026 678 1233 711 inferorum
1260 686 1422 718 unquam
1448 677 1572 709 tamen
1597 676 1767 709 cesserit.

137 733 186 767 Et
215 733 319 771 haec,
357 742 467 774 quam
500 733 611 765 modo
644 733 826 771 dabimus,
867 734 1061 774 postrema
1099 733 1171 765 suit
1202 733 1410 774 inquisitio,
1440 732 1478 764 in
1511 731 1768 773 penetralibus

138 789 293 821 maioris
312 787 419 821 aulae
437 788 535 829 apud
554 788 765 830 Hagienses
782 787 921 820 habita.

180 843 385 876 Consessus
410 852 523 885 porro
556 844 824 884 inquisitorum
852 844 905 876 sic
937 843 1098 876 habebat
1130 843 1342 885 praesidem
1382 842 1617 884 Loveringus
1657 851 1768 883 quem

137 898 320 940 diximus3
346 899 518 940 proxime
544 899 759 931 assidebant
785 898 957 930 dominus
982 899 1027 930 ab
1051 898 1201 940 Angcij,
1228 898 1400 930 dominus
1424 897 1708 939 Assendelphus

136 954 350 988 Sasbodius.
377 954 433 987 Ex
462 955 618 987 adverso
650 955 695 987 ad
721 955 906 988 orientem
931 955 1176 987 considebant
1200 954 1370 995 theologi
1394 955 1638 995 inquisitores
1663 954 1766 986 Mon-

135 1012 256 1049 tanus,
276 1009 523 1042 Enchusanus
542 1011 579 1043 et
595 1010 873 1043 Rosemundus.
892 1010 948 1043 Ad
966 1011 1134 1042 austrum
1157 1010 1372 1042 assidebant
1388 1018 1539 1042 mensae
1558 1009 1764 1047 Brunthus,

133 1066 358 1108 procurator
382 1064 532 1102 fiscalis,
553 1066 590 1098 et
608 1065 806 1098 Sandelius
831 1065 1234 1108 archigrammatheus.
1254 1065 1432 1098 Nicolaus
1457 1074 1546 1098 vero
1574 1065 1766 1097 Dammius

133 1119 246 1153 lictor
272 1121 475 1162 primarius
504 1121 661 1159 astabat,
691 1121 860 1162 pendens
885 1130 906 1153 a
934 1121 1170 1153 dominorum
1197 1121 1364 1158 nutibus,
1394 1121 1425 1153 si
1450 1121 1540 1161 quid
1565 1121 1764 1161 imperent.

132 1175 191 1209 Ad
218 1176 516 1217 septentrionem
544 1176 644 1209 infra
671 1177 778 1209 sodet
806 1176 1018 1209 &Vordenas
1048 1175 1162 1208 solus.
1193 1175 1306 1219 Lege,
1338 1175 1470 1214 lector,
1501 1185 1596 1217 quac
1622 1176 1764 1213 damus,

133 1232 171 1264 et
183 1231 435 1264 miserandam
449 1231 701 1273 sophistarum
716 1231 937 1264 eaecitatem
954 1240 1065 1272 quam
1082 1231 1339 1270 miseraberis,
1354 1232 1429 1264 tam
1443 1233 1576 1264 contra
1588 1231 1766 1272 martyris

132 1286 253 1320 nostri
270 1287 520 1320 constantiam
538 1288 575 1320 et
592 1287 704 1320 fidem
722 1287 870 1328 suspice
889 1296 932 1319 ac
948 1295 1143 1320 venerare.

443 1385 511 1430 [De
534 1385 665 1420 laatste
689 1385 976 1430 ondervrayiny,
1007 1386 1027 1419 7
1047 1385 1254 1431 September
1280 1387 1375 1420 1525.
1395 1386 1457 1430 (1)]

802 1453 1093 1488 Ιηεενιοοιιεονεε.

173 1531 357 1574 Magister
373 1530 541 1564 Judocus
560 1531 794 1573 Loveringus
812 1530 872 1573 (2),
889 1540 1042 1573 praeses
1059 1531 1358 1569 Mechliniensis,
1377 1530 1682 1564 iurisconsultus.

173 1585 357 1629 Magister
374 1587 503 1619 noster
520 1586 699 1620 Nicolaus
718 1586 882 1628 Copinus
900 1596 921 1619 a
938 1587 1143 1625 Montibus,
1163 1586 1378 1628 inquisitor,
1394 1585 1608 1629 theologus.

172 1642 356 1684 Magister
374 1642 503 1675 noster
518 1641 794 1681 Rosemundus,
815 1642 1017 1685 theologus
1035 1642 1293 1675 Lovaniensis.

172 1697 356 1740 Magister
374 1698 503 1730 noster
518 1697 696 1730 Ruardus
714 1697 974 1736 Enchusanus,
994 1697 1195 1740 theologus
1213 1697 1470 1730 Lovaniensis.

170 1752 337 1787 Joannes
355 1753 543 1786 Pistorius
561 1762 582 1786 a
598 1753 780 1791 Worden,
799 1753 958 1786 vinctus.

688 1852 900 1886 Assessores
922 1852 1196 1897 Inquisitionis.

167 1929 349 1962 Dominus
367 1930 496 1962 noster
515 1930 559 1962 ab
576 1930 711 1973 Angeij
728 1929 789 1971 (3),
809 1930 982 1963 Caesaris
999 1931 1252 1968 consiliarius,
1272 1931 1490 1965 secretioris
1508 1931 1669 1974 consilij.

166 1984 349 2018 Dominus
367 1984 555 2017 Gerardus
574 1985 619 2017 ab
633 1984 858 2023 Assendelff,
879 1994 1007 2026 eques,
1027 1985 1267 2018 consiliarius
1285 1986 1502 2028 Hagiensis.

165 2039 350 2082 Magister
365 2039 530 2072 ,Iacobus
544 2039 592 2081 (4)
611 2039 828 2077 Sasbodius,
848 2040 1139 2073 iurisconsultus
1157 2042 1193 2074 et
1211 2041 1463 2074 consiliarius.

164 2095 348 2137 Magister
364 2095 567 2137 ReiJnerus
586 2095 793 2132 Brunthus‚
812 2096 1037 2137 procurator
1054 2095 1205 2135 fiscalis,
1226 2097 1528 2130 iurisconsultus.

163 2150 347 2193 Magister
364 2150 553 2183 Arnoldus
571 2150 797 2183 Zandelinus
811 2151 871 2192 (5),
894 2151 1297 2193 archigrammatheus‚
1317 2153 1479 2186 scribam
1497 2153 1645 2196 agebat.

163 2227 405 2270 Lovermqus.
426 2228 528 2266 Quae
546 2228 615 2260 tibi
634 2237 732 2260 nunc
750 2228 824 2260 stat
841 2229 1050 2261 sententia?

169 2281 390 2316 Wordenas.
410 2283 551 2316 Eadem
570 2292 665 2324 quae
683 2283 879 2316 hactenus.

164 2337 407 2381 Loverinyus.
428 2339 603 2371 Nondum
621 2347 668 2371 ne
685 2339 887 2372 revocandi
904 2339 1002 2371 ratio
1021 2339 1091 2372 tibi
1107 2340 1212 2373 certa
1229 2339 1381 2373 existit?

167 2392 386 2427 Wordenas.
408 2394 596 2427 Nondum.

159 2515 207 2557 (1)
232 2514 328 2549 Deze
342 2516 625 2559 ondervraging
642 2516 716 2548 kan
735 2517 790 2549 tot
809 2515 1014 2549 voorbeeld
1032 2516 1168 2549 dienen
1187 2526 1278 2549 voor
1296 2517 1330 2549 al
1349 2517 1394 2550 de
1409 2518 1752 2561 ondervragingen,

116 2570 176 2603 die
190 2579 236 2613 op
255 2571 301 2604 de
318 2570 434 2604 derde
451 2570 627 2614 volgden.
642 2571 685 2604 In
704 2572 749 2604 de
766 2570 992 2605 Bibliotheca
1008 2570 1161 2614 Belqica
1181 2571 1224 2605 G.
1247 2572 1335 2611 171³,
1357 2574 1454 2605 staat
1474 2583 1481 2605 ε
1503 2587 1519 2600 ιι
1537 2572 1571 2606 Ze
1590 2574 1624 2605 4⁰
1641 2575 1754 2606 incer-

114 2627 302 2668 royatoire
320 2641 350 2664 22,
381 2625 533 2659 evenals
561 2627 599 2659 in
629 2627 674 2659 de
708 2627 853 2659 tweede
885 2626 1099 2668 Latijnsche
1129 2628 1293 2670 uitgave,
1324 2628 1384 2660 die
1409 2627 1492 2661 hier
1526 2628 1751 2672 Conyressus

116 2685 274 2724 quartus
301 2682 423 2723 geeft3
453 2690 557 2714 maar
582 2682 637 2714 dit
660 2682 692 2714 is
717 2682 917 2715 verkeerd.
937 2683 999 2715 Zie
1019 2684 1092 2715 wat
1116 2681 1317 2724 Gnapheus
1342 2684 1477 2725 eenige
1494 2683 1620 2726 regcls
1645 2683 1750 2718 hier-

114 2735 236 2770 boven
254 2736 416 2778 schrijft.

157 2791 204 2833 (2)
229 2791 340 2824 Joost
356 2791 559 2830 Laurensz,
578 2793 782 2826 voorzitter
799 2802 869 2825 van
889 2793 958 2825 den
979 2792 1145 2826 Grooten
1163 2793 1269 2826 Raad
1287 2795 1324 2827 te
1341 2793 1551 2827 Meehelen.

157 2846 204 2889 (3)
230 2846 412 2889 d’Angey,
432 2847 485 2879 lid
502 2858 571 2881 van
591 2849 661 2881 den
680 2848 888 2881 Geheimen
906 2848 1025 2881 Raad.

156 2901 204 2944 (4)
228 2902 324 2935 Lees
353 2901 519 2936 Judocus
553 2903 725 2941 Sasbout,
758 2903 966 2936 raadsheer
997 2912 1065 2936 van
1100 2903 1162 2937 het
1196 2904 1273 2937 Hos
1299 2914 1367 2937 van
1400 2904 1563 2939 IIolland
1596 2905 1746 2939 evcnals

112 2957 342 2991 Assendelft.

158 3012 205 3054 (5)
229 3012 356 3046 Arend
375 3012 581 3056 Sandelijn‚
601 3014 747 3057 griffier
763 3024 833 3048 van
851 3013 915 3048 het
933 3014 1009 3048 Hos
1025 3024 1094 3048 vau
1113 3014 1288 3048 Holland.
