2096 3481
831 244 968 281 ANNO
995 244 1078 279 1525
1715 238 1777 274 313

138 367 234 392 nova
268 356 436 399 quotidie
467 356 624 399 propter
655 355 904 398 Evangelium
937 354 1059 387 oritur
1090 352 1348 396 persequutio,
1383 352 1428 384 de
1461 359 1534 394 qua
1565 359 1606 386 re
1638 349 1776 384 fratres

134 414 198 448 isti
215 413 382 456 apertius
401 413 528 446 omnia
544 412 763 445 narrabunt.
783 410 927 444 Iterum
944 410 1040 443 valo.

179 469 422 512 Antverpiae,
437 468 623 512 postridie
637 467 840 502 cathedrae
854 466 961 500 Petri
980 466 1030 498 M.
1050 466 1096 499 D.
1113 465 1234 507 xxiiij.

1025 532 1128 565 Tuus
1147 532 1248 565 totus
1267 530 1465 565 Cornelius
1479 529 1689 572 Grapheus.

180 591 341 625 Domino
367 590 524 625 Alberto
551 591 687 630 Durer,
706 590 891 633 pictoriae
917 589 1010 622 artis
1034 587 1146 623 facile
1170 587 1347 632 principi,
1367 587 1488 621 amico
1515 595 1583 619 suo
1608 587 1647 620 et
1670 585 1780 619 fratri

134 647 173 681 in
191 646 340 680 Christo
359 646 596 685 suavissimo,
616 646 921 689 Nurcmbergae.

178 703 222 737 In
239 702 321 736 eius
338 703 439 737 sorte
457 702 641 741 absentia,
662 701 852 735 Bilibaldo
871 702 1143 744 Pyrcaymero.

489 769 540 804 M.
571 769 782 812 Thausing,
813 768 951 802 Durers
977 767 1115 810 Briefe‚
1149 764 1379 811 Tayebtlcher
1402 764 1480 798 und
1504 764 1630 799 Reime
1655 764 1781 807 (Woe-

531 834 604 858 nen
622 824 734 866 1872),
750 824 820 857 blz.
847 825 927 865 xvi;
953 824 992 857 in
1011 824 1056 856 de
1081 822 1391 857 Nederlandsche
1415 821 1616 864 vertaling,
1644 830 1690 862 op
1708 820 1778 854 blz.

529 879 606 914 178,
623 899 666 904 —
684 881 757 913 Dat
775 880 887 914 Corn.
906 879 1104 922 Grapheus
1121 879 1219 912 later
1243 878 1317 911 ook
1334 887 1411 920 nog
1437 878 1655 910 verontrust
1678 877 1781 910 werd

531 945 578 969 en
595 935 676 968 zich
703 935 765 968 stil
784 937 907 969 moest
928 935 1092 974 houden,
1122 934 1272 976 bewijSt
1303 934 1349 966 de
1374 932 1561 976 volgendc
1586 933 1686 965 brief
1711 941 1782 965 van

531 991 712 1025 Erasmus
730 1000 800 1024 aan
825 991 1034 1034 Grapheus,
1053 1000 1124 1024 van
1141 990 1162 1024 7
1179 990 1303 1023 Maart
1320 988 1416 1028 1529,
1435 989 1578 1022 waarin
1602 989 1782 1022 Erasmus

530 1046 618 1080 hem
632 1048 813 1080 aanraadt
826 1056 896 1081 ecn
909 1047 1022 1080 zeker
1035 1045 1229 1079 dichtstuk
1242 1045 1322 1078 niet
1334 1044 1391 1078 uit
1404 1045 1441 1078 te
1455 1053 1588 1087 gcvcn,
1604 1044 1661 1077 uit
1675 1052 1782 1077 vrees

533 1112 627 1135 voor
642 1103 789 1136 nieuwe
813 1102 1111 1145 moeilijkheden
1130 1112 1137 1135 :
1159 1116 1174 1129 u
1193 1101 1373 1135 Erasmus
1390 1100 1478 1134 Rot.
1499 1099 1674 1134 Cornelio
1693 1100 1782 1133 Gra-

531 1158 631 1200 pheo
658 1157 694 1191 S.
725 1159 769 1192 D.
795 1177 838 1182 —
865 1159 1016 1191 Lubens
1044 1158 1256 1200 paruissem
1283 1156 1471 1189 voluntati
1500 1157 1598 1195 tuae,
1631 1155 1783 1189 Corneli

533 1213 770 1253 charissime,
785 1215 825 1247 in
843 1214 1062 1247 excudendo
1077 1213 1244 1246 carmine
1258 1215 1335 1251 tum
1351 1212 1423 1244 nisi
1438 1212 1533 1244 duae
1546 1220 1608 1244 res
1621 1211 1785 1244 fuissent

536 1269 771 1303 dehortatae.
799 1270 885 1303 Non
908 1269 989 1302 visa
1014 1270 1070 1302 est
1094 1278 1139 1301 ea
1162 1269 1372 1301 carminum
1397 1277 1503 1305 vena,
1531 1268 1572 1299 ut
1595 1268 1782 1308 putarem,

535 1325 625 1358 hinc
653 1326 723 1358 tibi
750 1325 911 1358 multum
938 1325 1061 1357 laudis
1087 1333 1338 1357 accessurum.
1364 1323 1509 1356 Deinde
1535 1323 1686 1355 inerant
1710 1331 1786 1355 non

536 1390 668 1424 pauca,
702 1390 798 1422 quae
829 1381 898 1413 tibi
933 1381 1086 1414 fuerant
1124 1379 1304 1412 invidiam
1343 1380 1511 1417 auctura,
1553 1378 1654 1419 quod
1692 1378 1787 1411 mihi

538 1445 777 1478 nequaquam
800 1437 999 1470 videbatur
1023 1436 1203 1478 expedire
1226 1435 1341 1468 rebus
1365 1435 1452 1473 tuis,
1471 1433 1698 1476 praesertim
1714 1433 1786 1466 hoc

538 1492 753 1534 temporum
785 1493 896 1525 statu.
931 1491 1146 1525 Discruciat
1175 1499 1236 1524 me
1274 1491 1430 1523 fortuna
1461 1491 1538 1527 tua,
1572 1498 1787 1530 quanquam

541 1548 667 1590 ipsum
707 1547 1012 1589 affiictissimum3
1055 1547 1121 1580 sed
1160 1546 1261 1588 quod
1296 1546 1476 1578 divinitus
1508 1545 1592 1587 geri
1623 1544 1785 1583 videtur,

535 1603 628 1636 forti
645 1603 770 1636 animo
787 1603 1058 1646 perferendum
1074 1611 1211 1636 censeo
1232 1612 1239 1635 :
1258 1601 1530 1634 monachorum
1548 1601 1784 1642 quorundam

538 1659 764 1700 improbitas
804 1658 892 1691 huic
930 1658 1148 1701 tempestati
1180 1657 1284 1691 dedit
1316 1657 1574 1697 occasionen13
1616 1656 1654 1689 at
1691 1655 1787 1689 mihi

539 1714 716 1747 subnasci
740 1714 890 1748 videtur
914 1714 1017 1747 aliud
1033 1713 1305 1746 monachorum
1323 1722 1443 1756 genus
1459 1713 1587 1754 priore
1606 1712 1785 1744 deterius.

535 1769 584 1804 Et
616 1770 656 1802 in
687 1770 847 1811 utraque
878 1771 987 1812 parte
1017 1770 1172 1802 fortiter
1204 1770 1317 1810 atque
1348 1768 1552 1811 insigniter
1582 1767 1786 1806 insanitur,

539 1835 608 1859 nec
638 1825 758 1858 ullum
785 1826 894 1859 video
912 1826 1050 1864 finem,
1080 1825 1154 1858 nisi
1186 1825 1370 1858 Dominus
1400 1824 1534 1857 unicus
1567 1823 1707 1856 artifex
1740 1823 1785 1856 de

542 1881 718 1915 machina
735 1882 890 1914 exortus
907 1882 1017 1914 canat
1034 1881 1142 1914 nobis
1160 1880 1255 1913 illud
1272 1880 1480 1923 tragoediis
1499 1879 1655 1912 solenne
1673 1880 1789 1911 ποὶλαι

534 1950 657 1981 μορφαι
671 1949 731 1969 των
746 1938 937 1979 &aqam-nm.
949 1936 1103 1970 Interea
1115 1935 1437 1968 consultissimum
1450 1935 1600 1968 videtur
1613 1934 1652 1966 in
1668 1933 1791 1967 solida

542 1993 664 2036 petra,
699 2001 795 2033 quae
827 1991 942 2025 nullis
966 1992 1067 2025 cedit
1098 1991 1326 2030 turbinibus,
1352 1991 1488 2032 pedem
1513 1991 1644 2033 figere,
1672 1990 1792 2023 donec

541 2049 636 2082 haec
660 2048 831 2090 procella
854 2057 982 2081 rerum
1006 2048 1177 2081 vertatur
1200 2047 1239 2080 in
1263 2045 1592 2088 tranquillitatem.
1612 2045 1700 2087 Ipsa
1719 2045 1791 2078 sibi

539 2112 721 2146 magnum
752 2102 930 2136 solatium
962 2103 1020 2136 est
1049 2103 1149 2135 bona
1175 2101 1420 2135 conscientia.
1455 2100 1535 2140 Quo
1569 2101 1605 2133 te
1639 2100 1791 2141 quidem

542 2159 762 2200 invitarem3
792 2158 866 2191 nisi
894 2158 1030 2192 scirem
1058 2158 1095 2191 te
1123 2166 1273 2200 semper
1300 2157 1418 2190 fuisse
1446 2156 1569 2189 virum
1593 2156 1793 2198 integerri-

545 2224 660 2248 mum.
690 2214 874 2247 Dominus
902 2214 974 2246 hoc
1001 2213 1148 2247 camino
1176 2213 1317 2256 purgat
1345 2221 1478 2245 aurum
1504 2221 1625 2250 suum,
1655 2212 1697 2244 ut
1724 2211 1791 2244 fiat

544 2271 757 2303 obrussum.
785 2269 823 2303 Si
847 2270 933 2302 istic
950 2270 1133 2308 adessem,
1152 2268 1286 2302 lubens
1304 2269 1383 2302 tum
1408 2268 1477 2301 tibi
1495 2269 1573 2300 tum
1597 2267 1708 2300 fratri
1726 2268 1790 2300 tuo

542 2326 820 2359 commodarem
838 2326 877 2358 in
895 2325 1081 2358 omnibus.
1108 2325 1217 2358 Nunc
1234 2324 1325 2366 quid
1345 2324 1500 2366 possim,
1520 2333 1595 2356 non
1611 2323 1735 2362 video,
1755 2323 1793 2356 et

544 2382 685 2423 quanta
702 2381 751 2414 sit
767 2380 829 2413 hic
845 2390 973 2414 rerum
991 2380 1176 2417 confusio,
1194 2389 1337 2419 rumor,
1354 2380 1395 2412 ut
1408 2380 1554 2421 opinor,
1572 2379 1794 2421 J'amdudum

541 2438 640 2470 istuc
672 2436 842 2479 pertulit.
878 2436 975 2478 Opto
1008 2437 1045 2469 te
1077 2445 1162 2469 cum
1194 2436 1268 2468 tuis
1302 2435 1475 2468 omnibus
1507 2443 1620 2476 quam
1654 2434 1795 2476 optime

542 2492 685 2525 valere.
718 2492 856 2525 Datum
889 2491 1051 2530 Basilea,
1085 2490 1106 2523 7
1133 2491 1274 2530 Martii,
1305 2500 1402 2524 anno
1434 2490 1529 2524 1529.
1551 2505 1566 2519 n
1585 2490 1792 2534 (Erasmus,

542 2548 664 2592 Opera
681 2547 818 2587 omnia,
839 2547 923 2581 decl
941 2547 1010 2586 ΙΙΙ,
1028 2546 1100 2580 blz.
1121 2546 1234 2589 1162.)

895 2686 1018 2731 266.

225 2827 366 2872 1525,
397 2821 564 2864 Μαανί
595 2826 635 2871 1,
667 2820 891 2863 Brussel?
915 2816 1102 2873 Toelage
1135 2816 1240 2859 door
1271 2816 1323 2858 de
1355 2815 1589 2873 regeering
1621 2815 1797 2860 betaald

152 2908 237 2938 aan
270 2895 354 2938 Jan
379 2893 580 2948 Macquet
614 2905 700 2934 van
733 2891 912 2942 Binche,
945 2901 1185 2946 procureur
1224 2900 1307 2930 van
1335 2886 1418 2929 den
1448 2899 1552 2942 paus
1581 2889 1711 2942 tegen
1745 2886 1796 2929 de

155 2964 455 3014 Lutheranen,
476 2975 586 3006 voor
608 2962 722 3017 zijne
742 2960 1044 3016 bemoeiingen
1078 2959 1121 3001 in
1147 2958 1222 3001 het
1251 2956 1485 3012 vervolgen
1506 2955 1583 2999 der
1606 2955 1792 3000 ketters.
