2096 3481
289 276 330 308 28
975 271 1112 306 ANNO
1138 271 1221 304 1520

288 390 442 414 assensu
461 390 502 413 ae
520 380 684 413 omnium
709 381 747 413 et
769 379 1003 422 singulorum
1026 381 1305 422 praedictorum
1328 380 1476 413 matura
1501 379 1785 419 deliberatione,
1805 388 1911 422 prae-

287 437 385 468 dieta
402 435 624 468 auctoritate
654 434 920 475 omnipotentis
938 435 1007 467 Dei
1031 435 1069 467 et
1091 435 1286 469 beatorum
1315 434 1570 476 apostolorum
1595 435 1701 467 Petri
1725 435 1763 467 et
1786 434 1908 473 Pauli,

286 492 324 523 et
348 493 486 525 nostra,
516 492 705 531 praefatos
734 498 861 521 omnes
886 491 924 521 et
951 490 1119 531 singulos
1143 490 1322 523 articulos
1350 499 1416 522 seu
1445 498 1606 525 errores,
1637 490 1824 530 tamquam
1856 490 1912 530 (ut

283 545 552 586 praemittitur)
570 544 780 586 respective
797 543 1021 579 haereticos.
1041 545 1279 577 scandalosos
1297 545 1361 577 aut
1376 543 1505 581 falsos,
1521 545 1584 576 aut
1600 544 1747 585 piarum
1764 544 1911 576 aurium

285 599 496 634 offensivos.
513 599 570 631 vel
586 599 810 640 simplicium
828 599 1008 630 mentium
1026 600 1248 637 seductivos,
1265 601 1302 632 et
1315 599 1465 632 veritati
1482 598 1690 631 catholicae
1704 598 1909 637 obviantes,

287 655 516 689 damnamus.
543 655 789 695 reprobamus
813 654 924 693 atque
950 654 1100 685 omnino
1125 655 1317 694 rejicimus
1342 664 1383 686 ac
1400 663 1468 695 pro
1487 653 1682 691 damnatis,
1702 653 1912 694 reprobatis

285 710 321 741 et
348 709 500 750 rejectis
518 709 562 741 ab
582 709 752 740 omnibus
771 708 965 748 utriusque
983 718 1094 740 sexus
1112 709 1251 741 Christi
1273 708 1444 741 fidelibus
1463 708 1593 740 haberi
1611 708 1760 746 debere,
1779 707 1913 741 harum

285 763 383 795 serie
409 764 644 796 decernimus
673 764 710 795 et
735 762 978 795 declaramus.
1008 763 1226 796 Inhibentes
1250 764 1287 795 in
1316 764 1455 795 virtute
1484 763 1633 795 sanctae
1662 763 1910 801 obedientiae,

286 827 327 850 ae.
360 818 427 850 sub
460 819 614 859 maJ'oris
646 817 1042 850 exeommunicationis
1079 817 1177 850 latae
1213 818 1432 855 sententiae,
1467 827 1611 849 necnon
1644 817 1765 857 quoad
1796 816 1912 850 eccle-

285 872 454 905 siasticas
472 874 510 905 et
526 873 721 915 regulares
745 881 937 913 personas,
963 872 1232 913 episcopalium
1257 873 1434 910 omnium,
1454 873 1566 905 etiam
1590 871 1910 914 patriarchalium,

284 927 661 969 metropolitanarum
704 929 742 959 et
784 926 942 959 aliarum
983 927 1256 959 cathedralium
1299 927 1554 964 ecclesiarum,
1598 927 1912 960 monasteriorum

284 991 432 1023 quoque
465 984 502 1014 et
530 983 765 1023 prioratuum
797 982 909 1014 etiam
941 981 1243 1014 conventualium
1270 983 1308 1014 et
1343 991 1659 1022 quarumcumque
1688 982 1912 1024 dignitatum

283 1038 348 1069 aut
385 1037 654 1069 beneficiorum
694 1036 1046 1074 ecelesiasticorum,
1080 1036 1341 1075 saecularium,
1382 1038 1445 1069 aut
1483 1036 1699 1077 quorumvis
1739 1037 1912 1069 ordinum

282 1092 529 1134 regularium,
566 1091 788 1133 privationis
824 1092 861 1123 et
892 1090 1140 1123 inhabilitatis
1173 1092 1218 1123 ad
1250 1091 1317 1123 illa
1347 1093 1385 1123 et
1416 1091 1490 1124 alia
1527 1091 1565 1123 in
1596 1092 1790 1132 posterum
1820 1091 1914 1124 obti-

282 1147 404 1179 nenda
430 1156 437 1178 :
468 1147 567 1187 quod
595 1156 683 1179 vero
709 1147 755 1178 ad
783 1147 999 1184 convontus,
1030 1145 1204 1187 capitula,
1232 1156 1298 1178 seu
1330 1146 1472 1184 domos,
1498 1147 1563 1178 aut
1589 1146 1652 1187 pia
1678 1145 1762 1178 loca
1789 1155 1913 1179 saecu-

282 1201 417 1233 larium
456 1201 514 1234 vel
554 1201 799 1243 regularium,
840 1201 954 1233 ctiam
992 1201 1286 1234 mendicantium
1326 1210 1470 1233 necnon
1505 1201 1761 1233 universitatis
1799 1201 1913 1234 etiam

283 1257 493 1289 studiorum
526 1256 773 1298 generalium.
811 1264 1131 1296 quorumcumque
1169 1255 1457 1298 privilegiorum
1495 1255 1739 1294 indultorum,
1773 1265 1795 1288 a
1825 1256 1914 1289 sede

283 1311 500 1353 apostolica.
530 1311 587 1343 vel
615 1311 695 1351 ejus
721 1311 868 1352 legatis,
895 1310 987 1342 alias
1013 1310 1295 1350 quomodolibet
1318 1310 1544 1347 habitorum,
1574 1310 1631 1343 vel
1660 1311 1912 1349 obtentorum,

281 1366 549 1406 cujuscumque
589 1366 730 1398 tenoris
770 1365 933 1398 existant
973 1374 980 1396 :
1026 1374 1171 1397 necnon
1211 1366 1385 1403 nonnum,
1432 1366 1470 1397 et
1510 1365 1707 1406 potestatis
1747 1365 1913 1398 studium

281 1420 458 1462 generale
484 1421 647 1459 tenendi,
667 1420 819 1462 legendi
843 1429 885 1452 ac
906 1420 1180 1461 interpretandi
1203 1420 1352 1460 quasvis
1378 1420 1553 1452 scientias
1579 1421 1616 1452 et
1639 1420 1848 1458 facultates,
1875 1421 1914 1453 et

281 1475 529 1507 inhabilitatis
555 1476 600 1508 ad
628 1475 694 1507 illa
717 1476 755 1507 et
782 1475 856 1507 alia
882 1475 919 1506 in
948 1476 1142 1516 posterum
1170 1475 1374 1507 obtinenda
1399 1484 1407 1506 :
1440 1475 1731 1516 praedicationis
1764 1484 1912 1516 quoque

281 1530 406 1565 officii.
426 1539 467 1562 ac
485 1530 695 1562 amissionis
713 1530 827 1562 studii
844 1529 1046 1572 generalis,
1073 1531 1110 1562 et
1128 1530 1293 1562 omnium
1310 1529 1597 1572 privilegiorum
1614 1530 1782 1571 ejusdem
1800 1539 1807 1562 :
1836 1539 1908 1571 quo

280 1594 368 1617 vero
401 1585 447 1617 ad
475 1585 685 1617 saeculares
710 1585 880 1626 ejusdem
918 1584 1328 1622 excommunicationis,
1370 1594 1515 1616 necnon
1544 1584 1756 1617 amissionis
1788 1585 1911 1627 cujus-

279 1648 438 1680 cumque
462 1640 731 1681 emphyteusis,
751 1649 817 1672 seu
835 1648 1155 1680 quorumcumque
1171 1640 1383 1678 feudorum,
1410 1640 1485 1671 tam
1510 1648 1531 1671 a
1553 1639 1726 1672 Romana
1752 1639 1912 1672 ecelesia

281 1703 390 1735 quam
408 1694 500 1726 alias
518 1694 798 1734 quomodolibet
815 1694 1066 1732 obtentorum,
1093 1703 1135 1726 ac
1159 1695 1273 1727 etiam
1289 1693 1538 1726 inhabilitatis
1555 1694 1601 1726 ad
1625 1694 1691 1726 illa
1714 1695 1752 1727 et
1775 1694 1850 1727 alia
1871 1694 1911 1726 in

280 1751 474 1790 posterum
493 1749 695 1781 obtinenda
721 1759 728 1780 ι
760 1758 904 1781 necnon
930 1750 1051 1789 quoad
1080 1758 1209 1781 omnes
1234 1750 1272 1781 et
1297 1749 1466 1791 singulos
1492 1749 1664 1790 superius
1687 1749 1910 1787 nominatos,

279 1803 517 1836 inhibitionis
535 1803 812 1836 ecclesiasticae
837 1804 1067 1845 sepulturae,
1100 1803 1423 1844 inhabililatisque
1451 1804 1497 1836 ad
1525 1813 1654 1836 omnes
1679 1805 1717 1836 et
1741 1804 1911 1846 singulos

279 1860 384 1891 actus
402 1858 604 1900 legitimos,
624 1859 801 1891 infamiae
819 1868 861 1891 ae
879 1859 1122 1891 diffidationis
1139 1860 1177 1891 et
1193 1859 1350 1891 erimine
1367 1858 1492 1891 laesae
1509 1859 1716 1900 maiestatis
1733 1860 1771 1892 et
1787 1859 1914 1892 haere-

279 1914 438 1945 ticorum
453 1915 489 1945 et
503 1916 691 1945 fautorum
706 1914 923 1946 eorumdem
937 1914 975 1945 in
986 1914 1071 1955 ‚iure
1089 1914 1277 1955 expressis
1294 1914 1438 1955 poenis,
1454 1923 1498 1946 eo
1513 1914 1594 1955 ipso
1612 1915 1650 1946 et
1666 1914 1806 1955 absque
1824 1913 1914 1947 ulte-

278 1968 372 2000 riori
390 1967 643 2001 declaratione
660 1977 728 2009 per
745 1978 873 2001 omnes
891 1970 928 2001 et
945 1968 1115 2011 singulos
1140 1969 1387 2010 supradictos,
1407 1969 1439 2000 si
1462 1969 1575 2010 (quod
1598 1969 1709 2009 absit)
1727 1969 1913 2001 contrafe-

278 2023 411 2061 cerint,
438 2023 688 2061 incurrendis,
715 2032 736 2055 a
764 2024 897 2064 quibus
926 2024 1057 2065 vigore
1082 2024 1351 2065 qu'uscumquc
1375 2023 1579 2062 facultatis,
1607 2025 1644 2056 et
1660 2023 1914 2056 clausularum

279 2078 384 2111 eisin
402 2077 740 2110 confessionalibus
758 2079 949 2119 quibusvis
966 2079 1150 2119 personis,
1167 2079 1234 2111 sub
1253 2079 1445 2119 quibusvis
1463 2079 1663 2111 verborum
1680 2079 1814 2111 formis
1831 2088 1914 2111 con-

279 2133 480 2171 tentarum,
501 2133 573 2164 nisi
591 2142 612 2165 a
626 2133 736 2165 Rom.
755 2135 858 2174 pont.
874 2133 931 2166 vel
951 2133 1024 2165 alio
1043 2133 1087 2165 ab
1106 2142 1149 2165 eo
1168 2134 1214 2165 ad
1238 2133 1277 2164 id
1294 2134 1331 2165 in
1351 2133 1476 2174 specie
1500 2133 1719 2166 facultatem
1736 2133 1910 2172 habente,

278 2189 545 2229 praeterquam
562 2188 600 2220 in
618 2189 750 2220 mortis
768 2188 926 2220 articulo
951 2188 1158 2226 constituti,
1187 2188 1330 2220 absolvi
1354 2189 1553 2228 nequeant.
1575 2187 1755 2221 Omnibus
1780 2189 1818 2220 et
1840 2189 1913 2220 sin-

277 2241 376 2284 gulis
391 2243 587 2283 utriusque
612 2252 723 2275 sexus
742 2243 881 2275 Christi
906 2243 1092 2281 fidelibus,
1112 2244 1187 2275 tam
1212 2242 1317 2275 laicis
1343 2252 1453 2283 quam
1470 2242 1630 2281 clericiS,
1650 2242 1907 2275 saecularibus

279 2298 317 2329 et
349 2298 565 2337 quorumvis
595 2298 768 2329 ordinum
791 2298 1044 2339 regularibus,
1075 2299 1113 2330 et
1139 2297 1223 2330 aliis
1253 2298 1549 2338 quibuscumque
1576 2298 1760 2338 personis,
1791 2298 1913 2339 cujus-

279 2361 437 2392 cumque
467 2354 597 2390 status,
628 2353 767 2394 gradus
796 2352 853 2385 vel
883 2353 1109 2384 conditionis
1134 2353 1308 2390 existant,
1335 2353 1373 2385 et
1400 2361 1632 2393 quacumque
1658 2352 1914 2385 ecclesiastica

278 2406 337 2438 vel
355 2407 820 2449 mundanapraefulgeant
839 2408 1035 2449 dignitate,
1066 2407 1179 2440 etiam
1204 2408 1354 2439 sanctae
1381 2407 1575 2439 Romanae
1600 2406 1781 2439 ecclesiae
1794 2407 1913 2439 cardi-

282 2460 441 2499 nalibus,
475 2461 714 2502 patriarchis,
748 2462 984 2503 primatibus,
1019 2462 1324 2504 archiepiscopis,
1358 2462 1557 2503 episeopis,
1590 2461 1910 2503 patriarchalium,

279 2515 604 2557 metropolitarum
622 2518 659 2549 et
676 2517 834 2549 aliarum
859 2517 1144 2555 cathedralium,
1164 2516 1451 2559 collegiatarum
1477 2526 1518 2549 ac
1549 2516 1772 2549 inferiorum
1797 2516 1913 2549 eccle-

280 2570 420 2602 siarum
447 2571 638 2611 praelatis,
669 2571 830 2610 clericis,
865 2572 1025 2612 aliisque
1057 2572 1232 2613 personis
1264 2571 1541 2609 ecclesiasticis,
1576 2570 1842 2609 saecularibus,
1875 2572 1914 2604 et

281 2625 497 2665 quorumvis
526 2626 700 2658 ordinum
729 2627 842 2659 etiam
871 2627 1164 2659 mendicantium
1187 2626 1439 2668 regularibus,
1470 2626 1678 2664 abbatibus,
1708 2626 1910 2667 prioribus,

281 2679 338 2711 vel
356 2679 539 2712 ministris
557 2681 811 2722 generalibus,
832 2682 889 2714 vel
907 2681 1212 2723 particularibus,
1237 2681 1418 2713 fratribus
1446 2690 1512 2713 seu
1536 2680 1739 2723 religiosis,
1765 2689 1914 2722 exemp-

281 2734 327 2765 tis
345 2735 383 2765 et
408 2744 479 2766 non
505 2736 712 2776 exemptis:
733 2737 942 2768 studiorum
968 2746 1115 2777 quoque
1140 2735 1448 2768 universitatibus
1474 2735 1741 2774 saecularibus,
1761 2735 1799 2767 et
1824 2745 1913 2776 quo-

282 2788 422 2820 rumvis
451 2790 625 2821 ordinum
653 2791 766 2823 etiam
789 2792 1083 2824 mendicantium
1106 2791 1358 2833 regularibus,
1386 2800 1531 2823 necnon
1555 2790 1722 2833 regibus,
1752 2790 1912 2831 impera-

283 2843 376 2875 toris
400 2843 638 2883 electoribus,
664 2846 908 2887 principibus,
937 2847 1103 2885 (lucibus,
1133 2845 1425 2884 marchionibus,
1456 2845 1667 2883 comitibus,
1693 2844 1910 2884 baronibus,

281 2897 499 2938 capitaneis,
537 2900 841 2937 conductoribus,
887 2901 1108 2939 domicellis,
1151 2901 1397 2940 omnibusque
1436 2900 1669 2937 officialibus,
1709 2899 1910 2940 judicibus,

286 2952 447 2985 notariis
466 2953 732 2986 ecclesiasticis
749 2956 787 2987 et
804 2955 1071 2994 saecularibus,
1091 2955 1434 2994 communitatibus,
1453 2953 1772 2993 universitatibus,
1791 2955 1913 2996 potes-
