2096 3481
411 266 473 298 434
1098 262 1233 296 ANNO
1260 263 1341 295 1525

411 377 549 408 frustra
582 374 721 415 alioqui
755 374 897 406 tantum
934 372 1008 405 olci
1040 373 1133 406 meis
1168 373 1299 414 studijs
1332 373 1559 414 impendisse
1594 383 1601 405 :
1638 374 1774 415 partim
1813 375 1853 407 ut
1890 375 2024 408 bonam

408 431 573 463 muneris
591 430 647 462 sui
665 431 809 471 partem
827 429 863 460 in
882 428 1058 461 humeros
1076 437 1178 461 meos
1197 428 1395 465 derivaret,
1415 437 1498 461 cum
1516 428 1706 461 aedituum
1726 430 1856 471 ageret
1869 430 1929 472 (1).

450 485 660 517 Montanus.
690 483 804 515 Missa
830 482 1009 515 faciamus
1033 482 1116 518 ista.
1147 483 1257 523 atque
1287 483 1332 515 ad
1362 492 1442 516 rem
1470 482 1682 516 redeamus.
1709 482 1806 520 Quid
1831 484 1885 517 ais
1911 485 2026 527 ergo?

408 539 645 571 Sacerdotem
663 538 835 570 maritum
854 547 962 578 posse
982 537 1062 569 fieri
1081 537 1161 569 sinc
1179 538 1353 578 peccato?

458 593 672 627 nnn-denas.
699 593 740 625 Id
765 601 853 624 sanc
880 592 1072 633 Scriptura
1096 592 1177 632 ipsa
1201 592 1291 623 satis
1317 593 1444 633 aperte
1469 600 1536 633 pro
1561 601 1620 625 me
1645 591 1812 633 loquitur
1837 606 1844 624 :
1870 593 1929 626 cui
1953 601 2024 636 ego

407 649 586 682 terminos
603 656 743 689 ponere
762 656 882 688 neque
900 646 983 678 volo
1003 655 1123 687 neque
1142 646 1271 679 debeo.

449 705 658 736 Montanus.
679 702 734 734 Tu
753 711 825 734 non
844 701 1026 743 intelligis
1046 700 1258 742 Scripturas
1273 701 1331 743 (2).

455 756 671 790 Wordenas.
706 757 871 789 Proinde
902 766 967 788 vos
1000 755 1092 788 mihi
1124 755 1295 788 doctores
1324 756 1418 793 sitis,
1453 765 1524 799 ego
1557 765 1616 789 me
1646 756 1835 798 praebebo
1866 756 2025 790 docilem

405 811 642 853 discipulum.

447 868 656 900 Montanus.
690 865 780 898 Jura
810 865 999 903 canonica,
1034 865 1167 906 quibus
1199 865 1408 898 iuramento
1441 865 1643 898 obstrictus
1675 874 1727 905 es,
1766 865 2025 900 sacerdotibus

404 920 630 954 coelibatum
649 920 831 952 indicunt.

454 975 669 1008 H'orclenas.
689 975 824 1008 Facete
851 984 947 1007 nunc
972 974 1120 1007 demum
1144 975 1273 1016 prodis
1297 974 1354 1007 ius
1379 984 1576 1015 summum,
1595 984 1667 1016 quo
1692 975 1846 1017 propius
1870 983 2024 1018 urgeor.

405 1030 572 1063 Primum
590 1030 712 1062 fateor
736 1029 884 1070 quidem
910 1030 992 1061 iura
1016 1029 1195 1061 canonica
1212 1030 1395 1071 agamiam
1413 1029 1668 1062 ecclesiastico
1693 1030 1817 1062 ordini
1841 1030 2022 1068 indicere,

405 1094 478 1126 qua
491 1085 535 1117 de
549 1093 589 1117 re
607 1094 680 1116 non
698 1084 992 1116 controvertitur
1007 1093 1014 1116 :
1035 1084 1099 1116 sed
1117 1092 1275 1124 quanam
1293 1084 1409 1116 divini
1421 1084 1525 1117 verbi
1539 1084 1768 1117 authoritate
1780 1085 1817 1117 id
1832 1084 1908 1121 fiat.
1920 1084 2025 1117 vobis

403 1138 637 1180 probandum
665 1137 858 1178 relinqu03
889 1138 989 1170 circa
1019 1137 1090 1170 hoc
1121 1137 1221 1170 enim
1253 1138 1373 1170 omnis
1404 1139 1572 1171 versatur
1601 1138 1771 1179 quaestio
1785 1138 1846 1180 (3).
1881 1138 2024 1171 Deinde

406 1193 504 1234 quod
532 1193 663 1231 iuravi,
694 1193 806 1225 etiam
830 1193 1014 1233 praestiti.
1039 1192 1170 1225 Juravi
1199 1193 1299 1225 enim
1325 1193 1510 1226 victurum
1537 1202 1596 1226 me
1626 1193 1831 1226 secundum
1862 1201 2025 1226 canones

403 1256 472 1288 pro
488 1255 597 1288 posse
615 1248 652 1280 et
670 1256 779 1280 nosse
799 1256 805 1278 :
834 1256 917 1279 nam
942 1246 1035 1280 haec
1059 1248 1117 1280 est
1139 1247 1340 1280 iuramenti
1365 1248 1536 1288 praestiti
1560 1247 1733 1280 formula.
1755 1247 1794 1280 Si
1816 1247 2024 1289 potuissem

403 1301 542 1334 diutius
559 1310 618 1334 me
636 1302 845 1339 continere,
864 1301 1026 1343 coniugij
1047 1301 1251 1342 capistrum
1268 1310 1341 1333 non
1360 1301 1606 1334 admisissem.

447 1354 704 1389 Enchusamcs.
731 1355 899 1388 Ecclesia
923 1355 1118 1394 catholica,
1146 1365 1239 1396 quae
1265 1355 1405 1397 Spiritu
1431 1357 1557 1389 sancto
1582 1356 1741 1399 regitur,
1760 1355 1878 1389 multa
1900 1355 2026 1398 potest

404 1421 470 1444 suo
502 1411 583 1444 iure
617 1411 827 1453 disponere,
861 1411 974 1443 etiam
1003 1411 1041 1442 in
1069 1411 1114 1451 ijs
1143 1419 1237 1451 quae
1266 1412 1352 1443 sunt
1378 1412 1529 1452 praeter
1558 1411 1788 1452 Scripturam
1815 1419 1822 1443 :
1852 1410 2025 1452 quemad-

403 1467 554 1499 modum
585 1467 623 1498 et
656 1465 795 1498 Paulus
827 1466 994 1498 eiusdem
1023 1465 1204 1498 ecclesiae
1235 1465 1407 1498 minister
1439 1465 1679 1499 fidelissimus
1693 1466 1740 1508 (4)
1774 1475 1782 1498 ε
1817 1464 2020 1505 “Caetera

404 1522 538 1562 inquit,
557 1530 640 1553 cum
656 1530 807 1559 venero,
828 1521 1034 1562 disponam.
1053 1536 1068 1548 n

453 1576 669 1609 IVordenas.
700 1574 806 1612 Quod
838 1576 882 1607 ad
914 1576 1008 1607 ritus
1037 1575 1223 1616 politicos,
1258 1576 1513 1609 caeremonias
1545 1577 1584 1609 et
1613 1575 1772 1608 moralia
1802 1575 1948 1614 attinet,
1982 1575 2021 1607 in

402 1630 461 1663 his
489 1630 645 1663 liberam
673 1639 754 1663 esse
782 1630 963 1663 ecclesiae
991 1631 1275 1671 dispositionem
1303 1630 1414 1664 facile
1444 1631 1540 1663 dono
1568 1640 1575 1663 :
1605 1631 1659 1664 ita
1685 1631 1824 1669 tamen,
1854 1631 1896 1663 ut
1923 1629 2020 1662 nihil

404 1685 464 1717 hic
482 1686 588 1717 nobis
606 1686 854 1717 obtrudantur
871 1685 1019 1717 articuli
1036 1685 1129 1722 vice,
1148 1686 1325 1725 tanquam
1349 1686 1393 1717 ad
1418 1685 1577 1719 salutem
1601 1686 1816 1727 necessarij.
1835 1684 2020 1723 Quoniam

402 1749 491 1773 vero
519 1740 754 1773 sacerdotum
783 1740 929 1782 agamia
957 1739 1069 1772 nullis
1102 1740 1298 1781 scripturis
1332 1749 1420 1773 vere
1452 1741 1640 1773 canonicis
1672 1740 1867 1778 asseritur,
1900 1739 2021 1772 libera

403 1795 553 1827 maneat
569 1796 716 1836 oportet
731 1804 738 1826 :
758 1795 811 1827 ita
827 1797 867 1828 ut
884 1794 971 1827 hinc
988 1804 1123 1827 novum
1141 1795 1228 1827 fidei
1245 1795 1445 1827 articulum
1462 1795 1624 1828 condere
1649 1804 1696 1828 ne
1721 1793 1847 1837 angeli
1871 1794 2022 1836 quidem

403 1859 423 1883 e
451 1849 555 1882 coelo
584 1851 732 1890 queant,
764 1850 899 1882 nedum
928 1849 1098 1888 ecclesia,
1133 1858 1227 1890 quae
1254 1850 1368 1883 verbo
1402 1850 1471 1883 Dei
1502 1851 1662 1893 regitur,
1694 1859 1768 1882 non
1795 1849 1878 1891 ipsa
1906 1849 2020 1882 verbo

403 1905 564 1946 imperat
581 1906 618 1938 et
634 1905 846 1937 dominatur
859 1905 919 1945 (5).

447 1958 703 1993 Enchusanus.
730 1959 812 1992 Tun
842 1968 957 2002 negas
986 1959 1181 1992 ecclesiam
1206 1959 1402 2000 quicquam
1426 1960 1644 2002 praecipere
1668 1968 1777 2001 posse
1805 1959 1872 1992 sub
1899 1968 2021 2001 poena

403 2015 547 2056 peccati
563 2014 732 2047 mortalis
747 2015 759 2046 2

454 2069 669 2103 Wordenas.
695 2069 774 2102 Imo
798 2078 978 2112 pernego.
1005 2068 1123 2108 Quam
1147 2069 1244 2102 enim
1270 2079 1343 2102 non
1367 2071 1491 2112 potest
1506 2070 1561 2102 vis
1575 2069 1738 2102 humana
1754 2078 1801 2102 ex
1818 2068 1905 2111 filijs
1925 2068 2019 2102 lucis

403 2125 441 2158 et
470 2124 580 2167 regni
610 2125 846 2157 consortibus
877 2125 1002 2157 facere
1034 2123 1132 2156 filios
1165 2124 1360 2166 gehennae
1399 2133 1441 2157 ac
1476 2125 1717 2157 tenebrarum
1749 2124 1801 2166 (id
1832 2124 1932 2157 enim
1962 2124 2020 2157 est

404 2179 513 2212 unius
538 2180 620 2220 Dei,
646 2180 707 2220 qui
734 2180 829 2212 vitae
854 2188 896 2212 ac
921 2179 1051 2211 mortis
1075 2178 1188 2211 habet
1211 2179 1423 2220 imperium,
1449 2180 1624 2221 superato
1650 2178 1825 2220 diabolo),
1845 2179 1921 2211 tam
1943 2187 2018 2210 non

402 2235 526 2276 potest
553 2234 630 2267 ulla
656 2234 826 2271 ecclesia,
857 2243 1067 2275 quenquam
1094 2233 1309 2266 mortalium
1336 2235 1488 2275 peccato
1512 2233 1662 2266 mortali
1687 2233 1923 2275 obstringere
1950 2241 2020 2274 per

404 2299 489 2322 suas
506 2289 869 2327 constitutiunculas,
890 2289 921 2321 si
937 2289 1051 2321 verbo
1070 2288 1138 2321 Dei
1158 2298 1231 2321 non
1250 2289 1430 2321 nitantur.

446 2345 658 2377 Montanus.
687 2344 805 2381 Quid?
833 2344 969 2377 Censes
997 2352 1043 2376 ne
1067 2344 1185 2387 igitur
1209 2343 1327 2376 libere
1350 2343 1642 2386 praevaricanda
1665 2344 1703 2376 et
1725 2343 1998 2376 contemnenda

404 2398 584 2432 ecclesiae
601 2400 759 2432 statuta?

449 2612 496 2655 (l)
520 2613 566 2646 In
588 2614 759 2656 margine
777 2622 785 2646 ε
811 2612 1013 2645 Aedituum
1038 2612 1173 2655 agebat
1190 2611 1340 2654 Pistorij
1358 2612 1466 2654 pater
1484 2621 1492 2645 ε
1518 2611 1616 2644 unde
1641 2611 1678 2645 et
1700 2609 1866 2644 Joannes
1883 2608 2015 2642 Custos

857 2667 968 2709 vulgo
986 2668 1042 2700 est
1060 2667 1281 2709 appellatus.

447 2721 494 2763 (2)
583 2720 687 2754 Idem
778 2731 785 2753 :
813 2721 841 2755 Ο
860 2721 1035 2754 doctores
1052 2721 1285 2763 theologicos
1301 2723 1308 2753 l

447 2778 479 2817 (3
582 2776 685 2810 Idem
777 2786 783 2808 :
812 2776 936 2808 Status
954 2776 1163 2817 praesentis
1181 2785 1327 2809 causae.

446 2833 492 2871 (4)
581 2831 686 2863 Idem
777 2840 783 2862 :
812 2831 941 2863 Prima
957 2831 1003 2863 ad
1020 2830 1246 2870 Corinthios,
1267 2831 1318 2863 11.

447 2885 478 2926 (5
482 2896 492 2925 )
581 2884 686 2919 Idem
776 2895 783 2917 :
810 2885 999 2920 Ecclesiae
1024 2886 1231 2919 authoritas
1256 2895 1329 2918 non
1354 2885 1411 2918 est
1433 2892 1546 2927 supra
1563 2884 1786 2927 Scripturas.
1804 2883 1901 2918 Hinc
1923 2882 2012 2918 illae

857 2940 1082 2983 lachrymae.
