2096 3481
808 225 946 258 ΛΝΝΟ
972 225 1056 258 1520
1710 226 1753 259 25

114 333 348 378 expellentes
373 333 461 368 olim
487 335 622 374 editae,
641 337 679 369 ct
704 344 725 368 a
749 335 888 368 nostris
912 335 1269 377 praedecessoribus
1294 334 1539 368 confirmatae
1564 343 1573 367 ε
1600 343 1696 376 quae
1720 334 1753 367 si

114 391 228 424 hodie
244 391 498 429 servarentur,
517 392 556 424 et
571 401 651 428 nos,
675 393 714 423 et
730 391 802 432 ipsi
821 391 951 432 utique
968 389 1038 422 hae
1054 390 1231 424 molestia
1245 398 1474 424 careremus.
1496 389 1621 423 Testis
1637 391 1697 423 est
1714 390 1752 422 in

114 445 274 478 concilio
315 446 571 479 constantien.
614 446 855 478 Hussitarum
897 455 939 478 ac
979 445 1302 484 Wielcffistarum,
1344 454 1489 478 necnon
1530 445 1754 487 Hieronymi

115 501 279 543 Pragen.
306 501 482 534 damnata
505 510 547 533 ac
564 502 696 543 punita
712 501 884 542 perfidia.
912 500 1037 533 Testis
1063 503 1121 533 cst.
1147 502 1285 534 totiens
1309 502 1443 533 contra
1459 500 1648 533 Bohemos
1666 501 1755 533 Ger-

115 565 312 589 manorum
344 556 499 598 sanguis
539 557 691 589 effusus.
727 556 851 588 Testis
885 556 1047 596 denique
1080 558 1138 588 cst
1170 556 1449 597 praedictorum
1482 565 1653 588 errorum
1687 566 1753 588 seu

115 610 321 644 multorum
345 621 391 644 ex
409 612 463 644 eis
486 621 554 653 pcr
579 611 842 644 coloniensem
867 612 906 643 et
930 611 1202 643 Lovauiensem
1229 611 1494 643 universitates
1519 611 1649 652 utpote
1671 611 1754 651 agri

116 667 303 700 Dominici
320 667 508 708 piissimas
525 666 907 709 religiosissimasque
925 676 1009 698 cum
1028 666 1141 698 trices
1167 676 1240 698 uon
1258 666 1382 698 minus
1405 666 1514 698 docta
1538 675 1648 706 quam
1665 676 1754 698 vera

116 730 159 754 ac
182 723 312 754 sancta
334 722 555 760 confutatio,
580 721 798 763 reprobatio
823 723 861 754 et
885 722 1088 753 damnatio.
1116 721 1236 754 Multa
1259 730 1408 762 quoque
1434 720 1602 763 allegare
1626 731 1752 762 posse-

114 786 209 815 mus,
239 786 346 818 quae.
378 786 424 809 ne
449 777 646 809 historiam
671 778 801 810 texere
826 777 1032 815 videamur,
1058 776 1398 818 praetermittenda
1421 776 1647 808 censuimus.
1677 777 1751 808 Pro

112 832 314 874 pastoralis
346 833 464 875 igitur
495 832 622 870 officii,
657 832 784 865 divina
815 833 938 874 gratia
970 832 1078 864 nobis
1110 832 1270 873 injuncti
1306 840 1397 864 eura
1429 840 1540 872 quam
1569 832 1749 873 gerimus,

113 888 394 929 praedictorum
422 896 595 920 errorum
623 888 726 920 virus
754 888 980 929 pestiferum
1008 887 1169 920 ulterius
1201 886 1366 920 tolerare
1399 896 1466 919 seu
1498 886 1750 925 dissimulare,

115 943 197 976 sine
222 942 459 976 Christianae
482 942 680 986 religionis
706 946 795 976 nota
819 944 932 984 atque
961 942 1195 975 orthodoxae
1224 942 1312 975 fidei
1340 942 1482 983 injuria
1509 941 1612 973 nullo
1642 942 1752 974 modo

113 1007 327 1040 possumus.
348 998 489 1031 Eorum
513 1000 638 1031 autem
655 1007 829 1031 errorum
855 998 1001 1040 aliquos
1025 997 1289 1040 praesentibus
1315 997 1490 1030 duximus
1514 996 1751 1035 inserendos,

116 1062 276 1095 quorum
294 1055 403 1086 tenor
420 1054 603 1095 sequitur,
624 1055 661 1087 et
678 1056 735 1087 est
752 1053 838 1086 talis
855 1063 862 1086 :

139 1127 169 1159 1.
197 1126 399 1160 Haeretica
423 1127 611 1159 sententia
634 1128 703 1163 est,
723 1127 788 1159 sed
813 1127 962 1164 usitata,
981 1126 1217 1159 sacramenta
1234 1134 1352 1158 novae
1370 1124 1466 1167 legis
1482 1125 1754 1167 justificantem

203 1182 365 1225 gratiam
383 1181 459 1214 illis
473 1182 575 1220 dare,
595 1182 659 1223 qui
678 1191 750 1214 non
769 1184 914 1223 ponunt
928 1182 1085 1214 obicem.

136 1237 168 1270 2.
194 1237 238 1271 In
266 1246 384 1279 puero
416 1239 502 1278 post
529 1237 757 1279 baptismum
790 1246 930 1280 negare
963 1246 1163 1269 remanens
1194 1238 1401 1278 peccatum,
1433 1237 1491 1269 est
1522 1235 1684 1269 Paulum
1716 1238 1755 1270 et

204 1292 394 1326 Christum
411 1292 522 1325 simul
540 1292 774 1325 conculcare.

137 1348 169 1380 3.
197 1348 332 1381 Fomes
349 1348 505 1390 peccati,
525 1348 638 1380 ctiam
656 1348 686 1379 si
706 1347 849 1380 nullum
867 1347 965 1380 adsit
982 1346 1127 1379 actuale
1144 1348 1352 1388 peccatum,
1368 1346 1538 1379 moratur
1551 1347 1753 1380 exeuntem

204 1413 227 1436 a
242 1412 402 1445 corpore
419 1403 583 1436 animam
601 1403 645 1435 ab
659 1404 834 1446 ingressu
852 1403 950 1435 coeli.

138 1460 170 1492 4.
196 1458 424 1500 Imperfecta
451 1459 616 1492 charitas
646 1459 822 1491 morituri
850 1459 926 1491 fert
955 1467 1082 1491 secum
1113 1457 1326 1490 necessario
1356 1466 1534 1500 magnum
1563 1458 1751 1497 timorem,

205 1514 270 1555 qui
286 1523 326 1547 se
343 1514 424 1546 solo
442 1515 533 1547 satis
558 1516 616 1547 est
631 1515 757 1547 facere
774 1522 924 1555 poenam
941 1513 1166 1556 purgatorii,
1186 1514 1224 1545 et
1240 1513 1399 1554 impedit
1415 1513 1612 1546 introitum
1629 1514 1752 1556 regni.

138 1569 170 1603 5.
197 1569 291 1602 Tros
320 1578 403 1603 esse
430 1571 558 1612 partes
586 1570 852 1608 Poenitentiae,
888 1569 1168 1606 contritionem,
1204 1569 1482 1601 confessionem
1519 1570 1557 1601 et
1587 1569 1754 1601 satisfac-

205 1625 360 1663 tionem,
390 1635 465 1658 non
497 1627 555 1658 est
588 1626 786 1658 fundatum
818 1625 856 1657 in
888 1634 996 1658 sacra
1026 1624 1215 1666 scriptura
1248 1631 1316 1655 nec
1347 1624 1385 1655 in
1419 1624 1582 1665 antiquis
1615 1625 1754 1657 sanctis

205 1680 422 1714 christianis
447 1681 676 1713 doctoribus.

139 1735 172 1768 6.
199 1736 398 1774 Contritio,
425 1745 520 1777 quae
544 1737 699 1778 paratur
726 1745 794 1777 per
819 1735 1103 1773 discussionem,
1129 1735 1371 1769 collationem
1396 1736 1434 1767 et
1462 1734 1753 1767 detestationem

205 1793 458 1833 peccatorum,
477 1801 551 1833 qua
567 1791 650 1832 quis
668 1791 855 1833 recogitat
879 1800 996 1823 annos
1021 1801 1109 1823 suos
1138 1791 1175 1823 in
1201 1791 1453 1824 amaritudine
1477 1790 1624 1823 animae
1649 1799 1750 1827 suae,

204 1847 470 1889 ponderandae
494 1849 735 1889 peccatorum
759 1847 996 1889 gravitatem,
1023 1845 1316 1884 multitudinem,
1347 1846 1580 1883 foeditatem,
1610 1846 1753 1878 amissi-

204 1911 315 1934 onem
332 1904 509 1935 aeternae
533 1902 778 1935 beatitudinis
805 1911 847 1934 ac
875 1903 1052 1934 aeternae
1070 1902 1322 1934 damnationis
1340 1901 1640 1942 acquisitionem,
1660 1901 1754 1934 haec

205 1957 384 1990 contritio
401 1958 493 1990 facit
509 1957 758 2000 hypocritam,
777 1958 852 1990 imo
871 1957 991 1999 magis
1008 1958 1258 1999 peccatorem.

139 2012 172 2046 7.
198 2013 446 2046 Verissimum
463 2015 521 2046 est
536 2013 791 2054 proverbium,
810 2014 849 2046 et
865 2013 1032 2045 omnium
1058 2012 1230 2045 doctrina
1247 2013 1292 2045 de
1309 2012 1602 2044 contritionibus
1619 2011 1754 2044 hucus-

204 2077 276 2109 que
309 2069 396 2102 data
425 2069 693 2110 praestantius,
729 2069 774 2101 de
805 2070 956 2101 caetero
994 2077 1068 2100 non
1104 2069 1243 2105 facere,
1277 2076 1423 2100 summa
1456 2067 1714 2109 poenitentiae
1745 2076 1753 2099 ε

207 2124 349 2166 optima
364 2125 611 2166 poenitentia,
632 2133 728 2156 nova
745 2124 833 2156 vita.

140 2178 172 2212 8.
200 2179 313 2212 Nullo
341 2180 452 2212 modo
480 2188 699 2221 praesumas
727 2179 900 2212 confiteri
928 2180 1083 2220 peccata
1110 2178 1284 2217 venialia,
1315 2178 1381 2211 sed
1409 2178 1536 2210 omnia
1566 2177 1754 2215 mortalia,

207 2244 424 2278 cognoscas.
445 2235 553 2268 Unde
578 2235 615 2267 in
640 2235 832 2277 primitiva
859 2234 1020 2268 ecclesia
1037 2233 1158 2267 solum
1179 2234 1381 2267 manifesta
1404 2233 1581 2266 mortalia
1604 2234 1757 2267 confite-

206 2290 356 2323 bantur.

140 2345 173 2378 9.
201 2346 299 2378 Dum
330 2345 500 2378 volumus
533 2346 660 2378 omnia
690 2355 784 2388 pure
819 2345 1005 2383 confiteri,
1041 2344 1134 2377 nihil
1176 2344 1277 2377 aliud
1312 2345 1471 2377 facimus
1512 2353 1623 2385 quam
1656 2345 1756 2386 quod

207 2401 490 2435 misericordiae
508 2402 578 2434 Dei
596 2401 689 2434 nihil
708 2401 879 2434 volumus
896 2400 1115 2441 relinquere
1133 2400 1416 2443 ignoscendum.

121 2455 173 2490 10.
200 2457 362 2490 Peccata
393 2466 466 2489 non
500 2458 587 2489 sunt
618 2456 686 2489 ulli
718 2457 887 2494 remissa,
923 2456 994 2488 nisi
1029 2456 1246 2488 remittente
1279 2456 1487 2491 sacerdote.
1521 2455 1651 2488 credat
1682 2455 1754 2488 sibi

207 2513 350 2545 remitti
381 2522 388 2544 :
422 2513 496 2544 imo
528 2514 723 2554 peccatum
759 2514 941 2549 maneret,
976 2511 1048 2543 nisi
1083 2511 1283 2544 remissum
1315 2511 1505 2551 crederem
1540 2520 1613 2543 non
1653 2511 1755 2544 enim

207 2568 346 2600 sufficit
372 2568 545 2600 remissio
573 2568 718 2610 peccati
747 2568 786 2600 ct
817 2568 962 2610 gratiae
991 2567 1157 2604 donatio,
1188 2567 1253 2598 sed
1283 2567 1433 2607 oportet
1457 2566 1571 2599 ctiam
1599 2567 1756 2600 credere

208 2632 291 2656 esse
308 2623 520 2656 remissum.

122 2678 174 2712 11.
202 2678 316 2712 Nullo
347 2679 458 2711 modo
490 2679 657 2711 confidas
689 2678 832 2711 absolvi
865 2678 1021 2720 propter
1052 2678 1154 2710 tuam
1190 2676 1470 2714 contritionem,
1505 2677 1570 2709 sed
1603 2679 1760 2719 propter

209 2734 364 2766 verbum
382 2734 521 2767 Christi
539 2743 546 2766 :
566 2734 834 2775 Quodcumque
852 2733 1023 2770 solveris,
1039 2734 1110 2765 etc.
1131 2732 1213 2769 Hic,
1233 2732 1398 2772 inquam,
1417 2732 1576 2771 confide,
1593 2733 1624 2764 si
1639 2742 1759 2765 sacer-

211 2789 308 2821 dotis
325 2789 535 2821 obtinueris
549 2789 837 2826 absolutionem.
853 2790 891 2821 ct
903 2789 1015 2821 crede
1028 2788 1180 2820 fortiter
1198 2790 1233 2820 te
1251 2786 1476 2825 absolutum,
1492 2789 1530 2820 ct
1543 2787 1756 2821 absolutum

209 2854 297 2878 vere
314 2845 402 2882 eris,
421 2844 598 2885 quicquid
615 2845 665 2876 sit
681 2845 726 2877 ‹le
744 2844 984 2877 contritione.

124 2899 176 2933 12.
203 2899 242 2934 Si
258 2909 326 2942 per
342 2899 576 2942 impossibile
593 2900 788 2932 confessus
813 2909 886 2932 non
911 2901 1012 2932 esset
1034 2898 1232 2935 contrituS,
1253 2899 1317 2930 aut
1341 2899 1516 2931 sacerdos
1542 2908 1615 2931 non
1640 2899 1752 2937 sorio,

209 2956 275 2989 sed
290 2955 375 2998 joco
393 2955 618 2994 absolveret,
636 2955 668 2988 si
687 2957 810 2988 tamen
828 2955 958 2988 credat
971 2965 1010 2988 se
1025 2953 1250 2992 absolutum,
1266 2954 1460 2987 verissime
1475 2956 1531 2986 cst
1546 2953 1751 2987 absolutus.
