2096 3481
823 260 960 296 ANNO
987 262 1070 295 1523
1699 263 1760 299 191

169 372 258 406 Ideo
289 374 486 415 presentes
518 373 648 406 literas
676 372 754 405 sive
786 372 982 414 presentes
1015 372 1175 405 vidimus
1203 381 1269 406 seu
1298 374 1542 416 transsumpti
1567 374 1760 417 publicum

124 428 416 461 instrumentum
434 429 570 462 exinde
584 427 667 461 ficri
685 428 723 460 et
740 435 808 468 per
825 427 1013 459 notarium
1031 427 1222 468 publicum
1236 428 1488 470 subscriptum
1502 430 1658 472 signari,
1677 431 1762 464 sub-

124 483 239 516 scribi
253 484 290 516 et
306 483 492 525 publicari
510 483 705 523 nostrique
723 481 840 525 sigilli
854 482 1034 523 jussimus
1048 485 1085 515 et
1098 483 1257 516 fecimus
1275 484 1505 525 appensione
1522 486 1760 519 communiri.

170 538 305 571 Datum
332 540 369 571 et
397 541 521 571 actum
550 537 766 576 Meehlinie,
794 538 1074 570 Cameracensis
1107 538 1280 576 diocesis,
1311 539 1349 571 in
1383 539 1493 571 domo
1519 539 1763 573 habitationis

127 595 255 626 nostre
284 593 394 626 solite
423 593 641 631 residentie,
676 601 773 625 anno
804 592 1010 624 nativitatis
1044 593 1194 625 Domini
1226 593 1429 626 millesimo
1458 595 1763 638 quingentesimo

123 648 302 681 vicesimo
321 649 447 687 tertio,
463 648 669 681 indictione
687 647 898 687 undecima,
928 648 988 679 die
1006 657 1095 680 vcro
1114 649 1293 681 vicesima
1311 650 1475 682 secunda
1488 651 1627 683 mensis
1643 651 1761 693 Junij,

124 703 366 745 pontificatus
383 704 521 745 prefati
546 702 773 735 sanctissimi
798 702 939 734 domini
958 703 1078 735 nostri
1095 703 1253 736 Adriani
1270 713 1366 746 pape
1386 705 1483 737 sexti
1501 714 1598 738 anno
1616 706 1737 747 primo
1753 717 1762 747 3

122 758 362 800 presentibus
404 758 544 791 ibidem
586 756 872 790 honorabilibus
915 758 953 790 et
996 758 1170 790 discretis
1213 759 1305 791 viris
1344 761 1538 802 magistris
1578 761 1763 803 Gregorio

124 812 346 851 Caluwaert,
367 813 503 845 artium
521 813 717 855 magistro,
737 813 774 845 et
789 811 965 845 ,Iohanne
985 821 1054 845 van
1080 813 1284 852 Baesrode,
1311 814 1460 847 clericis
1479 815 1763 849 Cameracencis

125 868 298 907 diocesis,
319 868 477 901 testibus
496 868 541 900 ad
558 867 743 909 premissa
760 867 901 899 vocatis
919 867 1137 909 specialiter
1155 870 1266 909 atque
1290 870 1447 911 rogatis

167 922 229 956 Sic
244 922 492 966 subscriptum
511 932 518 955 :
538 922 586 955 Et
603 931 673 964 ego
700 921 893 954 Waltorus
913 922 1057 959 Militis,
1076 923 1266 964 presbiter
1291 924 1570 958 Cameracensis
1589 925 1762 965 diocesis,

124 977 297 1020 publicus
315 986 421 1010 sacre
439 978 477 1010 et
501 976 709 1018 apostolica
725 977 762 1009 et
779 976 953 1018 impcrali
971 978 1258 1010 auctoritatibus
1277 987 1422 1011 necnon
1437 979 1709 1012 venerabilium
1727 982 1766 1013 et

124 1033 483 1074 circumspectorum
500 1033 667 1064 virorum
696 1032 934 1064 dominorum
960 1032 1091 1064 decani
1121 1034 1158 1065 et
1184 1033 1355 1074 eapelani
1380 1033 1540 1067 ecclesie
1563 1034 1764 1078 collegiate

127 1087 246 1120 sancti
262 1086 442 1120 Rumoldi
462 1086 783 1125 Mecheliniensis,
813 1087 911 1119 dicte
929 1087 1102 1126 diocesis,
1123 1088 1292 1120 notarius
1321 1090 1359 1122 et
1375 1098 1503 1122 eoram
1528 1090 1609 1131 ejus
1627 1091 1762 1129 scriba,

129 1143 218 1184 quia
247 1151 316 1184 per
347 1143 574 1175 insertarum
610 1141 808 1175 literarum
848 1141 1140 1184 apostolicarum
1178 1144 1501 1184 presentationem
1541 1146 1763 1186 receptioni,

128 1197 277 1236 visioni,
297 1197 522 1239 inspectioni
550 1199 587 1230 et
616 1198 891 1230 manutentioni
917 1206 959 1230 ac
983 1198 1259 1238 presentationi
1276 1199 1437 1232 vidimus
1455 1209 1521 1233 seu
1546 1201 1766 1233 transsumti

127 1253 270 1295 publici
302 1253 556 1291 instrumenti,
585 1253 801 1294 hujusmodi
836 1253 1017 1294 peticioni
1050 1254 1088 1286 et
1117 1253 1270 1287 decreto
1295 1264 1456 1287 unacum
1487 1256 1764 1296 prenominatis

127 1309 298 1347 testibus,
330 1308 429 1347 dum,
456 1308 569 1340 sicuti
593 1309 838 1350 premittitur,
875 1317 1001 1340 eoram
1032 1308 1219 1350 prelibato
1253 1309 1404 1342 domino
1449 1311 1589 1344 decano
1630 1312 1668 1344 et
1698 1320 1767 1353 per

127 1364 251 1405 ipsum
268 1364 415 1401 fierent,
436 1363 653 1396 dicerentur
677 1365 714 1396 et
739 1364 955 1406 agerentur,
982 1372 1138 1404 presens
1164 1364 1320 1396 interfui
1345 1374 1463 1406 eaque
1489 1366 1542 1398 sic
1567 1366 1650 1399 fieri
1675 1367 1764 1405 vidi,

129 1419 220 1451 scivi
234 1419 272 1451 et
289 1418 413 1451 audivi
429 1428 437 1459 ς
456 1418 596 1450 idcireo
615 1418 685 1450 1100
702 1427 858 1460 presens
875 1418 1036 1450 vidimus
1050 1428 1116 1451 seu
1134 1420 1379 1461 transsumpti
1396 1420 1612 1462 hujusmodi
1630 1421 1767 1454 instru-

127 1474 296 1506 mentum
312 1482 424 1506 manu
443 1473 600 1506 alterius
618 1473 782 1506 fideliter
798 1474 980 1515 scriptum
1005 1474 1141 1506 exinde
1159 1475 1306 1507 confeci
1330 1476 1368 1508 et
1391 1475 1430 1507 in
1455 1475 1551 1508 113110
1574 1475 1765 1518 publicam

129 1530 291 1562 formam
314 1529 458 1571 redegi,
478 1529 663 1571 signoque
688 1530 725 1561 et
750 1529 901 1561 nomine
929 1537 1013 1562 meo
1042 1528 1163 1561 solitis
1189 1530 1226 1562 et
1253 1531 1444 1563 consuetis
1470 1540 1544 1563 una
1567 1540 1651 1564 cum
1676 1532 1767 1564 dicti

129 1584 272 1617 domini
285 1584 416 1617 decani
432 1584 569 1625 judicis
589 1583 706 1626 sigilli
724 1584 954 1625 appensione
973 1584 1120 1626 signavi
1138 1586 1175 1617 et
1191 1585 1398 1627 subscripsi
1414 1587 1571 1628 rogatus
1590 1588 1628 1619 et
1644 1587 1768 1628 requi-

129 1639 235 1672 situs.
254 1639 297 1672 In
312 1639 436 1676 fidem,
452 1639 569 1671 robur
593 1642 630 1671 et
657 1640 913 1672 testimonium
932 1639 1098 1672 omnium
1115 1641 1387 1682 premissorum
1412 1642 1465 1674 510
1481 1641 1741 1685 subsignatum
1758 1652 1765 1675 :

172 1694 388 1728 Gualterius
407 1693 556 1733 Militis,
578 1695 760 1727 notarius.

479 1782 738 1824 Rijksarchief
762 1784 799 1816 111
830 1783 911 1817 Den
937 1783 1058 1826 Haag,
1088 1783 1209 1817 Darde
1232 1784 1547 1819 Memm-iaezboek
1577 1796 1651 1820 van
1678 1785 1768 1820 San-

525 1837 652 1881 delijn,
669 1838 735 1871 fol.
755 1838 852 1872 16-20
868 1848 990 1872 verso.

888 2011 1001 2054 138.

203 2156 342 2203 1522,
392 2151 823 2208 September-1523,
860 2153 965 2196 szz'
1000 2158 1042 2205 1,
1081 2153 1390 2210 Antwerpen,
1434 2153 1679 2198 Vilcoorde
1713 2166 1772 2198 en

134 2231 343 2273 Brussel.
368 2229 608 2275 Uittreksel
643 2228 704 2271 uit
747 2228 828 2271 Die
861 2229 1103 2271 eoeeellente
1135 2229 1320 2272 cronz'ke
1356 2241 1447 2272 van
1490 2229 1776 2272 Vlaenderen

135 2301 290 2359 (1531)
314 2314 418 2344 over
450 2299 501 2341 de
524 2297 804 2353 aanhouding
828 2296 904 2339 der
922 2297 1217 2354 Augustijnen
1241 2301 1285 2341 te
1312 2298 1585 2354 Antwerpen
1619 2312 1672 2341 en
1698 2297 1774 2341 het

135 2371 248 2413 later
267 2368 539 2413 verbranden
558 2380 640 2409 van
660 2370 776 2409 twee
793 2367 968 2409 1111111101·
986 2371 1028 2409 te
1048 2367 1241 2410 Brussel.
1255 2392 1306 2398 —
1319 2367 1449 2410 Allen
1462 2380 1610 2410 waren
1630 2366 1675 2409 111
1695 2367 1774 2411 het

137 2440 221 2483 slot
243 2453 329 2482 van
350 2436 582 2482 Vilvoorde
606 2448 834 2491 gevangen
858 2439 998 2491 gezet‚
1035 2435 1145 2478 doch
1169 2435 1344 2478 werden
1375 2436 1487 2479 later
1510 2435 1553 2478 in
1587 2435 1774 2493 vrijheid

137 2508 320 2565 gesteld,
342 2507 474 2550 nadat
491 2505 543 2562 zij
566 2509 608 2548 te
629 2506 897 2561 Antwerpen
922 2505 965 2547 in
984 2504 1036 2547 de
1053 2504 1103 2547 Ο.
1125 2505 1173 2547 L.
1196 2504 1502 2548 Vrouwekerk
1528 2504 1771 2561 herroepen

137 2577 324 2627 hadden,
367 2576 644 2632 uitgenomen
685 2574 792 2625 drie,
842 2574 910 2616 die
963 2586 1073 2616 naar
1120 2574 1296 2617 Brussel
1341 2573 1529 2630 gevoerd
1574 2574 1772 2628 werden,

138 2660 346 2691 waarvan
366 2648 482 2689 twee
505 2643 654 2688 aldaar
676 2643 740 2686 als
764 2643 980 2686 verharde
1005 2643 1173 2686 ketters
1207 2641 1424 2686 verbrand
1457 2643 1560 2699 zijn.

182 2755 278 2789 Item
305 2754 516 2797 sommighe
545 2753 690 2786 vanden
725 2752 907 2786 broeders
944 2752 1084 2785 vander
1111 2752 1365 2795 AugustiJnen
1399 2752 1564 2785 oordene
1589 2762 1659 2785 van
1688 2753 1778 2785 Ant-

139 2820 291 2853 werpen
308 2819 435 2843 waren
454 2819 501 2851 up
519 2808 699 2851 wagliens
713 2808 848 2851 gheset
862 2808 956 2841 ende
975 2818 1015 2840 so
1034 2810 1070 2840 te
1088 2807 1316 2840 Vilvoorden
1343 2817 1391 2850 up
1417 2807 1506 2840 tslot
1523 2808 1682 2850 gedaen,
1698 2816 1779 2840 mer

141 2875 300 2908 quamen
318 2868 391 2898 wte
409 2864 660 2907 midtsgaders
677 2864 741 2896 dat
764 2864 795 2896 si
821 2863 1032 2906 sommighe
1051 2862 1235 2896 articulen
1261 2872 1330 2895 van
1356 2863 1500 2896 Luthcr
1525 2862 1778 2905 Tantwerpen

142 2922 180 2954 in
205 2921 326 2955 Onser
356 2921 542 2953 Vrauwen
570 2919 711 2953 kercke
727 2919 987 2960 wederriepen
1005 2919 1072 2960 upt
1096 2918 1257 2956 docsael,
1277 2920 1505 2961 utgenomen
1533 2918 1614 2952 drie
1631 2918 1776 2951 vanden

143 2985 265 3010 voors.
284 2976 476 3015 broeders,
497 2975 556 3009 die
575 2976 610 3009 te
629 2974 806 3009 Bruesscl
835 2974 1019 3018 ghcvoert
1042 2983 1181 3013 waren,
1201 2974 1328 3007 omdat
1352 2983 1392 3008 se
1418 2974 1478 3008 (110
1495 2973 1680 3008 articulen
1699 2973 1778 3007 niet
