2096 3481
799 268 936 302 ANNO
964 268 1046 301 1525
1682 268 1744 301 419

155 379 426 415 Rosemundus.
442 379 524 413 Hoc
541 380 599 413 est
615 378 727 421 plane
745 387 888 411 verum.

152 435 366 470 Montanus.
386 435 483 474 Quid
501 445 600 468 nunc
617 435 833 468 faciendum
850 434 969 467 restat
981 434 1053 475 (m

153 490 413 525 Enchusanus.
440 491 545 529 Iube,
568 491 820 532 prosequatur
844 490 1155 531 protestationem
1175 498 1293 531 suam,
1312 498 1422 530 quam
1441 490 1548 522 initio
1566 489 1742 522 instituit.

164 545 380 580 WVordenas.
401 545 497 584 Quid
516 546 635 578 dicam
654 545 793 583 nescio,
813 554 895 577 cum
914 554 973 577 me.
990 546 1208 577 constanter
1225 545 1318 578 adeo
1338 545 1561 578 obturbetis.

154 602 368 636 Montanus.
390 602 501 634 Dicas
520 603 664 641 tamen3
684 610 751 633 nos
766 600 984 638 tacebimus,
1004 600 1091 632 dum
1109 609 1190 633 eam
1207 599 1318 642 plane
1338 599 1557 634 absolveris.

164 656 385 691 Wordenas.
414 657 470 690 Ea
497 656 583 699 lege
611 656 683 688 1100
711 656 804 689 adeo
829 656 1040 697 1301011162).
1068 655 1150 698 Ego
1178 655 1346 689 Joannes
1371 665 1392 688 a
1419 656 1586 689 Worden
1616 655 1745 698 aperte

111 721 237 745 coram
266 713 373 745 vobis
405 713 609 754 protestor,
644 711 743 752 quod
784 720 857 743 non
891 711 1045 744 intendo
1083 711 1274 752 quippiam
1304 711 1476 749 definire,
1511 712 1575 743 aut
1605 720 1747 744 asseve-

108 769 254 801 rantius
287 769 426 807 dicere,
461 768 561 809 quod
594 776 667 799 non
701 767 749 799 sit
788 775 1009 808 expressum
1049 767 1165 798 sacris
1198 766 1333 804 literis,
1368 767 1421 799 sic
1451 766 1672 804 intellectis,
1706 768 1747 799 ut

106 824 270 865 Spiritus
296 824 461 862 sanctus,
482 823 545 864 qui
570 832 634 855 eas
659 822 825 860 dietavit,
844 821 1009 864 intelligi
1034 821 1173 862 voluit3
1200 831 1269 863 pro
1295 822 1431 863 quibus
1450 822 1747 864 interpretandis

109 878 203 912 nihil
232 879 290 911 est
314 888 407 920 opus
434 879 475 911 ut
491 878 577 919 alijs
595 878 720 910 verbis
738 878 900 916 utamur,
921 886 1030 918 quam
1057 877 1191 918 quibus
1208 878 1289 918 ipsa
1306 877 1456 918 prodita
1473 878 1521 910 sit
1538 877 1746 919 Scriptura.

106 931 150 965 In
179 931 341 964 caeteris
371 932 497 964 autem
525 931 638 964 credo
669 930 847 971 quicquid
870 930 991 963 credit
1019 932 1148 962 sancta
1175 929 1334 963 ecclesia
1358 929 1557 963 catholica.
1584 930 1686 968 Quae
1711 932 1750 962 et

110 986 208 1020 male
237 987 319 1019 dico
348 989 386 1020 et
415 996 574 1020 execror
604 987 730 1019 omnia
758 986 925 1019 omnium
953 985 1148 1018 hominum
1178 986 1355 1028 dogmata
1379 987 1417 1018 et
1444 985 1633 1024 haereses,
1653 994 1748 1026 quae

113 1043 227 1075 verbo
246 1043 312 1076 Dei
331 1043 590 1076 adversantur.
612 1042 769 1075 Habetis
785 1041 1111 1083 protestationem.

157 1098 370 1132 Montanus.
402 1099 512 1131 Nunc
544 1098 627 1131 luce
660 1097 799 1130 clarius
831 1098 991 1134 constat,
1026 1098 1061 1129 te
1095 1097 1208 1129 etiam
1241 1096 1424 1130 ecclesiae
1461 1096 1678 1129 doctoribus
1713 1097 1751 1129 et

114 1153 335 1186 orthodoxis
351 1154 523 1196 patribus
542 1163 615 1185 non
634 1153 790 1186 credere
805 1152 866 1193 (3).

164 1206 381 1242 Wordenas.
417 1208 518 1245 Dixi,
553 1209 584 1240 si
617 1207 856 1244 meministis,
889 1216 949 1240 me
982 1207 1154 1240 omnibus
1188 1206 1264 1239 illis
1291 1207 1490 1248 scripturis
1525 1207 1681 1240 credere
1713 1208 1751 1240 et

112 1263 302 1302 assentiri,
323 1272 569 1304 quaecunque
588 1263 705 1295 sacris
723 1261 846 1295 literis
860 1262 1114 1295 consentiunt.

155 1317 370 1353 Montanus.
398 1319 502 1352 Bene
532 1319 601 1356 est,
633 1317 732 1359 quod
759 1318 976 1350 sanctorum
1006 1317 1163 1350 Patrum
1193 1317 1335 1359 scripta
1364 1317 1431 1350 tibi
1461 1316 1582 1350 adhuc
1610 1317 1686 1350 sint
1712 1317 1749 1349 in

116 1375 244 1416 precio
259 1375 320 1417 (4).

154 1428 413 1465 Enchusanus.
433 1431 572 1464 Censes
589 1430 707 1473 igitur
725 1431 863 1464 sanetis
882 1431 1007 1464 Patris
1028 1429 1315 1463 auscultandum
1333 1431 1437 1464 esse?

164 1485 382 1520 lVordenas.
410 1486 523 1520 Melle
549 1486 658 1519 litum
683 1486 852 1529 gladium
877 1486 938 1519 hic
961 1486 1055 1519 mihi
1079 1486 1270 1529 stringere
1296 1486 1487 1519 videmini.
1507 1485 1664 1519 Dicatur
1676 1484 1751 1517 1100

113 1540 207 1573 mihi
225 1541 462 1584 explicatius.

155 1595 296 1630 Bucho.
316 1598 476 1631 Domine
493 1598 676 1638 Joannes,
694 1598 766 1631 1100
784 1598 1024 1641 interrogant
1040 1598 1077 1631 te
1095 1597 1260 1632 domini:
1278 1598 1309 1629 si
1326 1607 1480 1631 censeas
1498 1597 1750 1631 observandas

112 1661 195 1686 esse
224 1652 500 1686 ecclesiasticas
529 1654 833 1691 constitutiones,
859 1655 990 1696 utpote
1019 1654 1148 1692 ferias,
1180 1653 1334 1690 ieiunia,
1364 1654 1451 1685 vota
1478 1653 1686 1686 monastica
1713 1655 1751 1685 et

112 1708 188 1741 alia
202 1709 241 1741 id
257 1718 379 1752 genus
398 1709 555 1742 Patrum
573 1710 738 1743 decreta.

163 1763 382 1798 Wordenas.
410 1764 596 1806 Quicquid
621 1767 730 1798 extra
755 1765 988 1807 Scripturam
1024 1765 1244 1798 canonicam
1279 1764 1525 1807 praecipitur,
1559 1764 1749 1806 haudqua-

112 1829 225 1862 quam
241 1821 385 1862 poterit
402 1821 644 1863 obstringere
661 1822 932 1854 conscientiam
948 1830 1070 1854 meam
1085 1821 1146 1863 (5).

152 1874 410 1909 Enchusanus.
429 1876 545 1917 Atqui
563 1876 758 1918 Scriptura
775 1886 881 1909 sacra
897 1876 1136 1909 commendat
1153 1876 1262 1909 nobis
1279 1876 1436 1914 ieiunia,
1457 1876 1750 1914 contessionem,

111 1932 395 1969 sabbatismum,
428 1931 709 1966 Eucharistiam
742 1933 780 1965 et
811 1933 986 1965 votorum
1017 1931 1259 1975 religionem,
1293 1941 1389 1973 quae
1426 1931 1535 1965 nobis
1570 1932 1609 1964 in
1647 1940 1754 1973 prae-

112 1989 223 2030 cepta
235 1987 284 2030 (G)
301 1987 442 2026 abiere,
462 1987 694 2020 authoritate
714 1988 871 2020 Patrum
889 1989 927 2021 et
943 1986 1142 2021 ecclesiae.

164 2041 382 2077 Wordenas.
413 2043 498 2076 Non
524 2052 599 2076 una
623 2044 680 2076 est
705 2043 872 2076 omnium
902 2052 1034 2076 eorum
1062 2043 1173 2082 ratio,
1201 2052 1297 2084 quae
1325 2053 1390 2076 vos
1419 2043 1522 2077 velut
1553 2052 1627 2076 uno
1656 2043 1757 2077 fasce

114 2095 424 2138 complectimini.

155 2150 414 2186 Enchusanus.
441 2151 539 2190 Quid
564 2151 760 2189 ieiunium,
787 2162 833 2184 an
860 2162 934 2185 non
959 2153 1203 2194 praeceptum
1221 2153 1290 2189 est,
1310 2153 1351 2185 ut
1374 2152 1577 2186 reddamur
1602 2152 1752 2194 expedi-

113 2207 230 2241 tiores
256 2208 392 2240 divinis
417 2208 668 2250 ministerijs:
696 2207 871 2249 exemplo
898 2208 1006 2247 Mosi,
1034 2208 1098 2249 qui
1122 2208 1305 2241 ieiunavit
1328 2207 1366 2240 xl
1392 2208 1485 2246 dies,
1507 2208 1594 2241 dum
1612 2208 1753 2250 exeipit

113 2263 228 2296 verba
243 2264 411 2296 foederis
430 2263 581 2296 Domini
597 2264 643 2306 (ἶ)
658 2264 669 2295 ’.2

164 2318 384 2353 Wordenas.
415 2319 466 2352 Ut
492 2319 546 2352 ita
573 2319 635 2357 sit,
666 2320 754 2360 quid
784 2319 856 2352 hoc
884 2319 931 2351 ad
955 2319 1098 2352 ieiunia
1121 2319 1195 2352 ista
1220 2320 1356 2356 vestra,
1387 2328 1482 2360 quae
1511 2320 1619 2352 statis
1644 2320 1751 2353 nobis

113 2373 244 2408 diebus
263 2376 301 2408 et
317 2375 564 2416 praescriptis
589 2374 682 2408 cibis
706 2375 927 2407 indicuntur
950 2384 1035 2407 cum
1060 2375 1370 2408 interminatione
1394 2375 1538 2417 peccati
1555 2375 1753 2408 mortalis?

112 2430 302 2464 Ieiunium
320 2430 540 2473 Scripturae
557 2432 615 2464 est
633 2431 886 2473 temperantia
899 2429 946 2472 (8)
965 2431 1003 2463 et
1027 2431 1213 2464 sobrietas
1239 2439 1429 2471 nunquam
1454 2441 1529 2463 non
1555 2431 1750 2470 servanda,

158 2589 207 2633 (l)
232 2590 277 2623 In
301 2590 472 2633 maryine
491 2600 498 2623 :
526 2590 597 2623 Hic
615 2590 869 2623 consultatum
887 2590 945 2624 est
961 2589 1192 2631 aliquandiu.

157 2646 204 2688 (2)
294 2645 401 2680 Idem
493 2655 501 2679 :
528 2646 774 2680 Protestatio.

157 2701 205 2742 (3)
296 2700 402 2735 Idem
495 2712 503 2734 :
531 2702 689 2735 Patrum
707 2702 828 2734 maior
846 2710 960 2743 quam
977 2700 1036 2735 vel
1055 2700 1239 2735 ecclesiae
1255 2700 1313 2735 vel
1333 2701 1551 2744 Scripturae
1569 2711 1670 2736 eura.

157 2757 205 2798 (4)
295 2756 403 2791 Idem
495 2767 503 2790 :
531 2757 675 2792 Gallica
692 2757 1032 2798 blandiloquentia.

156 2812 204 2854 (5)
296 2811 403 2846 Idem
495 2823 503 2846 :
531 2814 692 2870 Negocii
711 2813 826 2846 totius
845 2813 971 2846 cardo.

157 2867 205 2909 (6)
297 2867 402 2902 Idem
495 2878 502 2901 :
529 2869 572 2902 In
585 2870 790 2911 praecepta
808 2878 882 2902 non
901 2868 984 2906 Dei,
1003 2869 1069 2902 sed
1086 2878 1218 2911 papae,
1237 2868 1414 2902 hominis.

157 2923 205 2964 (7)
295 2922 402 2956 Idem
495 2933 502 2956 :
531 2924 680 2963 Exodii,
699 2924 754 2956 34.

158 2977 205 3019 (8)
297 2977 402 3012 Idem
495 2989 502 3012 ε
529 2979 718 3014 Ieiunium
732 2980 950 3023 Script-urae
968 2981 1230 3023 temperantia.
