2096 3481
813 248 950 282 ΛΝΝΟ
976 249 1058 282 1524
1697 235 1760 288 253

166 358 244 391 Nos
272 357 403 400 igitur,
423 357 683 391 desiderantes
701 357 875 390 omnibus
899 359 1034 400 quibus
1061 369 1260 401 possumus
1288 360 1409 392 modis
1434 361 1660 395 Luteranam
1678 372 1759 404 pes-

120 414 196 446 tem
212 413 428 454 hujusmodi
445 413 642 454 extirpari,
662 413 1013 454 circumspectionis
1032 415 1194 453 domine,
1215 416 1260 448 dc
1277 416 1384 457 quus
1403 416 1542 449 eximia
1557 418 1759 458 prudentia

120 470 159 502 et
175 468 214 501 in
231 468 346 501 rebus
364 468 520 511 agendis
539 468 764 501 dexteritate
793 468 997 510 specialem
1017 470 1053 501 in
1073 471 1233 503 Domino
1251 471 1427 503 fiduciam
1447 472 1671 512 obtinemuS,
1690 483 1758 515 per

119 524 317 566 presentes
342 524 611 556 committimus
643 525 680 556 ct
707 524 939 561 mandamus,
972 526 1012 557 ut
1038 527 1073 557 te
1099 526 1143 558 dc
1162 526 1356 567 premissis
1374 527 1555 560 informes
1574 530 1623 566 et,
1643 528 1674 560 si
1691 538 1759 570 per

120 579 427 612 informationem
453 579 610 611 eandem
637 579 704 611 tibi
729 579 944 611 constiterit
961 581 1006 612 ad
1032 580 1247 622 hujusmodi
1273 581 1461 614 Luterane
1479 582 1625 615 heresis
1649 584 1761 616 extir-

119 634 311 676 pationem
342 644 410 676 per
442 635 630 675 prefatum
669 634 876 666 Adrianum
916 636 1224 676 predecessorem
1261 636 1458 678 deputatos
1492 638 1537 670 ad
1576 639 1759 679 premissa

119 690 341 730 exequenda
357 689 480 721 minus
506 689 662 722 idoneos
689 689 771 721 fore
796 690 860 721 aut
875 699 944 731 pro
972 699 1064 731 pace
1090 692 1128 723 et
1152 692 1279 732 quiet-c
1304 693 1484 733 expedire
1509 692 1604 725 alios
1626 703 1758 726 eorum

120 744 202 777 loco
228 744 422 786 deputare,
449 744 601 776 eosdem
625 753 694 785 per
717 744 925 778 Adrianum
950 746 1259 786 predecessorem
1286 747 1485 788 deputatos
1502 748 1546 780 ab
1567 748 1685 781 offitio
1703 749 1758 782 cis

118 799 318 832 commisso
332 799 550 841 huJusmodi
565 808 750 838 amoveas,
771 808 814 832 ac
831 808 962 832 eorum
979 800 1061 832 loco
1081 801 1238 834 dilectos
1257 801 1355 834 filios
1379 803 1613 844 prepositum
1631 805 1757 837 Sancti

118 855 272 888 Martini
288 855 484 896 Yprensis‚
505 855 648 887 ordinis
667 854 794 887 Sancti
807 855 1024 897 Augustini,
1040 856 1280 895 Morinensis,
1297 866 1339 890 ac
1355 857 1522 898 priorem
1536 858 1757 892 Scholarum

115 909 155 942 in
184 910 376 943 Montibus
399 910 560 948 Anonie,
586 910 879 949 Cameracensis,
899 911 937 943 et
953 911 1177 954 magistrum
1199 911 1397 945 Nicolaum
1415 913 1558 955 Coppin
1584 914 1629 947 de
1654 915 1759 948 Mon-

115 965 228 1004 tibus,
259 974 364 998 sacre
392 965 531 1008 pagine
560 965 765 1004 doctorem,
800 965 983 998 decanum
1017 966 1176 999 ecclesie
1206 967 1333 1000 Sancti
1360 967 1467 1000 Petri
1498 968 1756 1009 Lovaniensis‚

115 1021 337 1054 Leodiensis
349 1021 560 1062 respective
575 1020 778 1059 diocesum,
793 1021 839 1053 de
852 1030 1012 1062 quorum
1026 1021 1246 1064 integritate
1261 1024 1299 1055 et
1311 1022 1483 1055 sollertia
1499 1024 1700 1065 specialem
1718 1026 1757 1058 in

115 1076 276 1110 Domino
291 1076 466 1108 fiduciam
484 1076 709 1113 obtinemus,
724 1075 783 1108 vel
802 1076 894 1109 duos
912 1078 976 1109 aut
993 1086 1109 1109 unum
1126 1086 1270 1115 eorum,
1285 1079 1398 1119 prout
1415 1078 1484 1111 tibi
1500 1080 1622 1122 magis
1634 1081 1756 1114 visum

113 1132 230 1164 fuerit
247 1132 438 1173 expedire,
457 1132 495 1164 in
512 1131 670 1173 prefatis
687 1131 864 1163 dominiis
889 1132 980 1164 dicti
1005 1132 1187 1165 horrendi
1212 1133 1400 1175 dogmatis
1417 1133 1660 1176 hereticequc
1678 1145 1758 1177 pra-

112 1187 240 1220 vitatis
253 1186 452 1229 generales
465 1187 723 1228 inquisitoreS,
738 1196 822 1219 cum
839 1187 1019 1220 facultate
1037 1197 1130 1228 quos
1147 1187 1355 1229 culpabiles
1368 1191 1634 1231 compererint,
1649 1192 1757 1232 Juxta

112 1251 335 1276 excessuum
363 1242 564 1283 qualitates
588 1242 770 1283 puniendi
794 1252 837 1274 ac
861 1242 1158 1283 quibuscumque
1181 1243 1371 1284 judicibus
1388 1246 1426 1276 et
1442 1246 1614 1286 personis
1640 1247 1754 1279 etiam

111 1297 243 1340 palatii
267 1297 464 1339 apostolici
482 1297 717 1330 auditoribus
743 1306 808 1330 seu
834 1297 1136 1330 loeatenentibus
1154 1299 1374 1332 eorumdem
1391 1300 1505 1332 etiam
1523 1302 1653 1341 quavis
1671 1312 1753 1335 auc-

111 1354 265 1386 toritate
283 1353 530 1395 fungentibus
547 1353 615 1385 sub
639 1353 810 1386 censuris
835 1353 1103 1385 ecclesiasticis
1128 1355 1166 1385 ct
1189 1354 1412 1395 privationis
1437 1364 1479 1387 ac
1503 1356 1753 1389 inhabilitatis

110 1409 217 1452 penis
236 1409 434 1441 inhibendi
451 1409 651 1449 omniaque
679 1408 753 1441 alia
778 1409 816 1441 et
839 1408 992 1450 singula
1014 1409 1054 1441 in
1079 1409 1275 1450 premissis
1300 1410 1338 1442 et
1362 1410 1463 1443 circa
1479 1420 1523 1444 ea
1540 1413 1754 1445 necessaria

109 1474 175 1498 seu
201 1464 485 1505 quomodolibet
509 1465 696 1505 oportuna
712 1464 750 1496 et
767 1473 839 1504 que
857 1464 903 1496 ad
920 1463 1138 1505 huJ'usmodi
1154 1464 1412 1505 inquisitionis
1430 1466 1589 1499 offitium
1607 1468 1653 1500 de
1669 1469 1754 1509 jure

108 1519 166 1553 vel
199 1520 472 1553 consuetudine
500 1518 784 1560 quomodolibet
817 1519 1034 1561 pertineant
1067 1521 1105 1552 et
1136 1521 1308 1561 spectare
1340 1523 1556 1561 noscantur,
1588 1523 1753 1557 faciendi

111 1576 149 1608 et
165 1575 388 1617 exequendi,
408 1574 616 1616 apostolica
632 1574 857 1607 auctoritate
874 1584 993 1613 crees,
1011 1575 1141 1613 facias,
1160 1576 1368 1608 constituas
1385 1577 1423 1609 et
1440 1577 1610 1619 deputes.

155 1631 233 1664 Nos
257 1631 357 1664 enim
375 1640 504 1663 omnes
522 1631 560 1663 et
576 1629 745 1672 singulas
761 1639 893 1663 causas
910 1639 1037 1663 coram
1054 1630 1196 1663 eisdem
1221 1631 1266 1663 ab
1290 1631 1458 1664 Adriano
1482 1634 1753 1674 predecessore

111 1687 300 1729 deputatis
316 1686 537 1728 pendentes.
555 1686 595 1718 in
613 1686 788 1718 eventum
806 1686 906 1727 quod
918 1685 977 1718 illi
993 1695 1062 1727 per
1079 1687 1116 1719 te
1133 1687 1390 1726 amoveantur,
1416 1697 1485 1729 per
1501 1690 1750 1731 prepositum,

106 1743 274 1785 priorem
291 1743 330 1775 et
347 1742 530 1775 decanum
546 1742 727 1783 prefatos,
747 1741 789 1773 ut
806 1740 893 1773 illos
918 1741 956 1773 in
974 1742 1193 1774 eorumdem
1217 1743 1429 1775 amotorum
1453 1743 1536 1776 loco
1554 1746 1750 1788 surrogari

107 1797 324 1840 contigerit,
354 1797 392 1829 in
421 1807 466 1829 eo
492 1797 591 1829 statu
616 1797 654 1828 in
679 1806 752 1837 quo
778 1796 947 1829 existunt
974 1798 1234 1834 resumendas,
1254 1807 1333 1836 seu,
1353 1798 1384 1830 si
1402 1798 1456 1831 eis
1475 1799 1594 1832 visum
1618 1801 1746 1839 fuerit,

108 1854 153 1887 de
171 1863 267 1886 novo
285 1853 502 1890 audiendas,
522 1852 816 1894 cognoscendas,
833 1852 1060 1885 decidendas
1077 1853 1228 1894 fineque
1246 1853 1372 1886 debito
1390 1854 1646 1888 terminandas
1663 1866 1748 1888 cum

108 1909 280 1942 omnibus
309 1909 348 1941 et
379 1908 540 1950 singulis
568 1917 700 1941 eorum
731 1907 998 1945 incidentibus,
1034 1908 1346 1949 dependentibus,
1381 1911 1664 1952 emergentibus
1689 1922 1748 1944 an-

108 1965 215 1998 nexis
233 1965 271 1997 et
286 1964 467 1996 connexis
497 1972 580 1996 esse
596 1963 823 2004 irritumque
841 1963 879 1995 et
895 1963 1007 1995 inane
1033 1963 1071 1995 id
1089 1964 1189 2004 quod
1212 1973 1281 2005 per
1307 1964 1410 2006 ipsos
1427 1965 1465 1996 in
1484 1965 1594 1998 dictis
1610 1965 1749 1999 litteris

107 2020 266 2053 Adriani
282 2019 564 2061 predecessoris
590 2019 788 2060 deputatos
805 2019 946 2050 factum
963 2018 1079 2051 fuerit
1093 2018 1310 2060 nulliusque
1327 2020 1478 2052 roboris
1495 2020 1553 2053 vel
1567 2023 1749 2055 momenti

107 2085 191 2108 esse
223 2075 361 2108 debere
403 2074 652 2112 decernimus,
687 2083 761 2106 non
794 2073 1030 2106 obstantibus
1069 2074 1265 2115 premissis
1305 2076 1434 2107 sancte
1473 2077 1749 2110 recordationis

107 2130 295 2163 Bonifacii
310 2140 407 2172 pape
443 2130 577 2166 octavi,
596 2129 878 2171 predecessoris
907 2129 1039 2167 nostri,
1070 2130 1116 2162 de
1144 2139 1218 2162 una
1245 2131 1283 2162 et
1308 2130 1458 2163 concilii
1485 2132 1676 2174 generalis
1701 2133 1748 2166 de

107 2186 251 2219 duabus
280 2185 390 2218 dictis
408 2187 446 2219 et
461 2185 634 2227 personis
652 2184 753 2217 ultra
768 2185 914 2217 certum
932 2194 1130 2217 numerum
1149 2186 1194 2217 ad
1210 2185 1393 2227 judicium
1423 2196 1496 2219 non
1514 2188 1691 2221 vocandis
1709 2190 1748 2222 et

106 2241 190 2274 aliis
222 2241 557 2274 constitutionibus
592 2241 630 2273 et
657 2240 958 2273 ordinationibus
991 2240 1221 2281 apostolicis,
1255 2250 1298 2273 ac
1330 2242 1503 2274 omnibus
1541 2241 1630 2281 illis,
1672 2253 1745 2285 que

105 2298 226 2330 dictus
258 2297 450 2330 Adrianus
477 2297 516 2330 in
545 2296 655 2329 dictis
680 2295 818 2328 litteris
843 2295 963 2328 voluit
998 2305 1072 2328 non
1110 2296 1262 2330 obstare
1296 2297 1507 2339 ceterisque
1542 2299 1743 2332 contrariis

158 2353 192 2385 'b
241 2362 326 2385 cum
354 2363 377 2385 u
407 2379 413 2385 .

104 2363 285 2442 qulgaltzm
300 2362 436 2447 Βῖῐῐῗθ,
455 2408 554 2450 apud
578 2407 755 2440 Sanctum
773 2408 943 2445 Petrum,
963 2407 1032 2439 sub
1050 2406 1188 2440 annulo
1206 2407 1418 2449 piscatoris,
1438 2409 1498 2442 die
1514 2410 1600 2442 xixa
1615 2410 1740 2453 Martij

103 2472 311 2503 M.n.xxn1.1,
330 2463 560 2507 pontificatis
578 2463 698 2495 nostri
715 2472 813 2496 anno
836 2463 971 2504 primo.

452 2529 714 2572 Rijksarchief
730 2529 767 2562 te
785 2529 953 2567 Brussel,
971 2529 1139 2571 Reyistre
1153 2539 1220 2563 sur
1237 2527 1270 2562 le
1286 2529 1385 2571 fatet,
1401 2531 1486 2570 etc.,
1501 2531 1567 2564 fol.
1586 2532 1738 2566 604-606.

497 2584 581 2619 Ook
609 2585 738 2618 aldaar
773 2584 839 2617 fol.
865 2584 1006 2617 592-593
1036 2593 1156 2617 verse.
1190 2603 1234 2608 —
1272 2585 1391 2618 Hooft
1429 2586 1742 2628 (Nederlandsche

498 2641 705 2679 Hister-iem,
740 2640 837 2679 1642,
867 2640 937 2672 blz.
968 2639 1008 2672 32
1041 2649 1088 2673 en
1120 2640 1175 2681 33)
1209 2641 1406 2679 vermeldt,
1436 2642 1475 2674 in
1507 2643 1602 2684 zijne
1630 2644 1741 2678 korte

496 2696 621 2730 schets
644 2697 710 2730 der
738 2696 936 2737 Inquisitio
966 2696 1084 2728 onder
1108 2694 1236 2729 keizer
1260 2696 1391 2739 Karel,
1410 2698 1455 2730 de
1484 2698 1565 2732 drie
1593 2699 1741 2733 nieuwe

492 2752 740 2794 inquisiteurs
766 2751 820 2784 als
846 2751 952 2794 volgt
970 2761 977 2783 :
999 2766 1014 2777 α
1034 2751 1238 2793 naamelijk
1263 2753 1308 2785 de
1332 2754 1463 2795 proost
1478 2763 1549 2787 van
1567 2754 1613 2788 de
1629 2755 1742 2788 kano-

494 2808 610 2840 niken
639 2806 824 2850 regeliers
851 2815 922 2838 van
947 2806 1062 2847 Ypre,
1092 2815 1201 2839 oover
1229 2805 1462 2840 Vlaanderen
1491 2817 1536 2840 en
1571 2807 1739 2853 d'omliy-

491 2862 613 2907 yende
625 2863 875 2896 landdouwen
889 2874 897 2903 ;
914 2863 959 2896 de
975 2864 1107 2905 proost
1117 2872 1189 2895 van
1207 2863 1252 2896 de
1266 2862 1478 2896 scholieren
1493 2865 1549 2897 tot
1561 2864 1738 2908 Berghen

492 2919 530 2951 in
559 2918 793 2962 Henegouw,
814 2927 922 2952 oover
937 2916 1002 2951 dat
1014 2922 1147 2961 qewest
1171 2927 1217 2951 en
1241 2916 1339 2951 daar
1355 2923 1518 2959 οηινεηις
1545 2920 1590 2953 de
1615 2920 1738 2956 deken

494 2984 565 3007 van
584 2974 751 3013 Looven,
772 2983 881 3009 oover
896 2973 1104 3013 Brabandt,
1124 2972 1306 3007 Hollandt
1321 2984 1366 3007 en
1388 2973 1536 3009 andere.
1567 2991 1582 3003 ’ν
