2096 3481
735 283 872 320 ANNO
898 284 980 318 1522
1613 283 1676 317 129

808 445 894 489 89.

123 592 261 638 1522,
291 588 417 639 (ocior
443 587 606 640 Juli?),
646 587 855 629 Brussel.
887 580 1010 624 Brief
1029 595 1112 624 van
1137 581 1188 624 de
1212 581 1677 636 vicarissen-generaal

51 672 135 701 van
167 659 393 716 Kamerijk
425 672 507 701 aan
539 659 590 701 de
622 657 908 701 kanunniken
942 670 1025 699 van
1059 658 1149 700 hun
1187 657 1363 713 kapittel
1397 657 1438 698 in
1463 656 1529 698 die
1563 655 1675 706 stad,

52 741 120 770 om
154 728 238 770 hen
273 733 316 771 te
348 726 592 770 verzoeken
626 727 708 770 den
740 725 1104 783 Kamerijkschen
1139 725 1399 781 inquisiteur
1430 738 1538 767 naar
1570 729 1681 768 Ant-

54 810 230 853 werpen
265 799 308 839 te
331 796 513 848 zenden‚
534 801 609 839 ten
633 796 756 840 einde
783 810 831 839 er
852 796 903 838 de
927 795 1111 847 ketters,
1137 795 1418 851 aanhangers
1440 808 1526 837 van
1549 792 1680 837 Jacob

52 863 347 920 Praepositus,
374 867 417 906 te
439 862 714 920 bedwingen.
741 887 798 895 —
819 864 879 906 De
912 862 1232 918 Antwerpsche
1266 862 1382 917 prior
1405 860 1528 903 heeft
1549 873 1681 916 open-

53 932 158 976 baar
179 933 439 988 herroepen,
474 945 596 974 maar
627 933 670 974 in
705 932 756 974 de
787 931 1064 975 Scheldestad
1097 930 1219 974 heeft
1250 931 1309 988 hij
1346 944 1432 986 nog
1463 929 1557 972 veel
1591 929 1680 971 vol-

53 1001 273 1057 gelingen.
315 1002 346 1043 's
388 1000 568 1043 Keizers
608 1001 761 1057 vurige
804 1001 985 1044 wensch
1022 1000 1074 1052 is,
1117 1000 1192 1044 dat
1231 999 1282 1043 de
1319 999 1580 1054 inquisiteur
1614 999 1681 1041 uit

55 1070 277 1127 Kamerijk
311 1071 488 1126 spoedig
525 1070 762 1114 overkome
803 1083 868 1112 om
907 1070 959 1113 de
998 1069 1261 1125 besmetting
1296 1072 1427 1124 tegen
1466 1072 1509 1111 te
1547 1081 1677 1123 gaan.

54 1141 138 1183 Het
173 1139 358 1197 kapittel
389 1153 469 1182 zou
500 1139 583 1182 den
616 1139 876 1195 inquisiteur
907 1142 996 1181 met
1028 1139 1079 1180 de
1111 1138 1296 1194 noodige
1330 1137 1474 1193 zegels
1510 1140 1679 1180 moeten

54 1209 234 1252 zenden.
261 1208 383 1266 ZiJne
404 1209 511 1251 reis·
535 1222 589 1251 en
612 1209 774 1252 andere
796 1208 951 1251 kosten
973 1208 1115 1250 zullen
1147 1207 1248 1250 hem
1270 1207 1459 1263 vergoed
1483 1205 1678 1249 worden.

155 1323 315 1358 Litterae
337 1324 561 1357 vicariorum
581 1322 814 1366 yeneralz‘mn
839 1324 1069 1366 episcopatus
1089 1322 1362 1356 Cameracensis
1385 1319 1579 1355 Bruxellis

283 1378 526 1412 residentium
549 1379 600 1411 ad
623 1389 733 1411 suum
756 1378 962 1422 capitulum
986 1376 1198 1412 cathedrale
1220 1386 1319 1411 anno
1347 1376 1445 1410 4522.

403 1465 617 1498 Venerandi
633 1467 671 1498 et
688 1465 835 1508 egregii
852 1465 1005 1497 domini.

98 1540 190 1572 Post
217 1549 364 1572 omnem
382 1540 545 1572 debitam
572 1539 981 1572 reconnnendationem
1017 1539 1107 1571 satis
1140 1538 1367 1571 arbitramur
1407 1536 1681 1569 dominationes

55 1599 198 1628 vestras
217 1605 290 1628 non
308 1595 439 1634 latere,
459 1595 658 1627 transactis
681 1595 758 1636 jam
774 1594 946 1636 pluribus
965 1595 1108 1633 diebus,
1126 1594 1231 1635 jussu
1251 1594 1455 1626 Caesareae
1473 1591 1683 1633 Majestatis

56 1650 128 1683 hue
145 1651 345 1683 adductum
362 1651 478 1682 fuisse
501 1651 667 1692 priorem
685 1653 890 1683 conventus
908 1649 1254 1692 augustinianensis
1280 1648 1407 1690 oppidi
1424 1647 1683 1688 Antwerpien-

57 1707 120 1744 sis,
154 1707 217 1747 qui
247 1707 285 1738 in
317 1706 553 1738 sermonibus
585 1706 662 1738 suis
690 1708 728 1738 et
744 1706 884 1738 mensis
913 1708 1053 1738 sectam
1081 1713 1280 1737 erroneam
1312 1706 1350 1736 et
1366 1702 1500 1736 falsam
1528 1701 1684 1734 Martini

57 1761 224 1799 Lutheri‚
250 1770 318 1803 per
335 1761 462 1794 sedem
490 1761 735 1802 apostolicam
761 1762 973 1794 damnatam
990 1763 1027 1793 et
1043 1760 1273 1793 haereticam
1298 1759 1537 1797 declaratam,
1557 1765 1683 1790 coram

53 1816 192 1859 populo
209 1816 357 1858 publice
375 1817 574 1855 sustinere,
593 1818 721 1849 fovere
741 1821 778 1849 et
795 1817 1009 1850 doctrinare
1027 1826 1101 1848 non
1119 1818 1177 1849 est
1199 1815 1354 1848 veritus

97 1872 145 1905 Et
160 1872 249 1904 licet
275 1872 335 1904 hic
359 1872 583 1904 constitutus
612 1874 649 1904 et
675 1881 744 1914 per
772 1871 973 1904 nonnullos
1000 1872 1202 1914 magistros
1231 1872 1391 1908 nostros,
1421 1868 1683 1911 praesentibus

54 1927 213 1960 dominis
241 1927 508 1959 commissariis
537 1927 658 1960 dietae
676 1928 882 1960 Caesareae
900 1927 1122 1969 Majestaffls,
1152 1926 1340 1967 aliquibus
1364 1925 1478 1958 etiam
1503 1934 1548 1957 ex
1573 1924 1682 1956 coetu

53 1983 172 2015 nostri
186 1983 386 2015 vicariatus
404 1983 616 2021 nominatis,
637 1983 872 2015 examinatus
890 1991 932 2015 ac
950 1982 1101 2015 tandem
1118 1983 1164 2015 ad
1180 1991 1245 2014 cor
1260 1989 1434 2014 reversus
1449 1981 1486 2013 et
1513 1987 1683 2012 errorem

53 2047 161 2070 suum
186 2047 474 2080 recognoscens,
509 2037 660 2081 singula
697 2038 848 2080 publice
876 2039 1132 2079 revocaverit3
1164 2039 1329 2070 attamen
1355 2035 1683 2076 Antwerpiensem

51 2093 231 2135 populum
243 2102 312 2135 per
328 2094 447 2134 ipsam
471 2103 576 2125 suam
592 2094 914 2135 praedicationem
934 2094 1033 2126 dicto
1051 2093 1182 2126 morbo
1200 2093 1293 2126 adeo
1311 2092 1454 2130 intecit,
1476 2090 1586 2131 quod,
1608 2089 1681 2121 nisi

54 2158 165 2190 quam
188 2148 348 2182 celerius
364 2158 432 2190 per
456 2149 553 2181 viam
570 2149 825 2190 inquisitionis
851 2152 889 2182 et
905 2158 1152 2182 censurarum
1169 2150 1207 2181 et
1222 2156 1430 2190 poenarum
1457 2145 1682 2179 ecclesiasti-

53 2213 181 2236 carum
195 2208 231 2237 et
245 2204 507 2245 temporalium
523 2206 831 2238 confiscationum
845 2204 1052 2246 apostoliea
1065 2206 1102 2237 et
1115 2203 1303 2246 imperiali
1317 2203 1540 2235 auctoritate
1554 2200 1681 2241 huJ'us-

54 2259 155 2292 modi
172 2260 302 2292 morbo
335 2260 517 2298 obvietur,
551 2260 817 2293 verosimiliter
833 2260 939 2293 illum
967 2261 1005 2292 in
1033 2260 1172 2302 populo
1206 2259 1295 2291 dicti
1324 2258 1451 2300 oppidi
1469 2259 1506 2290 et
1537 2256 1626 2289 alibi
1643 2256 1680 2287 in

54 2316 198 2347 tantum
214 2316 380 2358 grassari
395 2324 505 2357 posse
522 2316 758 2356 formidatur,
777 2317 877 2358 quod
900 2316 1051 2349 tandem
1083 2315 1287 2348 difficiliori
1313 2313 1481 2347 remedio
1499 2311 1682 2353 extirpari

54 2371 207 2413 poterit.

97 2427 262 2467 Cumque
280 2427 462 2460 Caesarea
489 2427 665 2470 Majestas
690 2429 736 2461 ad
753 2428 859 2461 illum
876 2428 1140 2470 extirpandum
1157 2436 1301 2460 summo
1320 2425 1444 2458 studio
1462 2423 1679 2461 inclinetur,

55 2482 219 2515 decrevit
242 2482 441 2515 concilium
465 2492 572 2515 suum
590 2487 823 2527 quantocyus
854 2485 1061 2517 vocandum
1089 2492 1181 2516 esse‘
1197 2483 1390 2515 dominum
1415 2480 1679 2521 inquisitorem

56 2538 142 2570 fidei
171 2539 269 2579 apud
301 2541 442 2570 vestras
475 2539 748 2573 dominationes
779 2541 1021 2578 residentem,
1056 2541 1096 2572 ut
1128 2540 1200 2571 huc
1231 2539 1385 2571 veniens
1418 2539 1550 2569 contra
1581 2534 1679 2566 dicto

56 2593 185 2626 morbo
214 2594 372 2626 infectos
399 2604 482 2626 eum
507 2604 596 2628 suae
621 2596 829 2637 Majestatis
847 2595 986 2629 auxilio
1013 2597 1050 2628 et
1077 2595 1266 2636 praesidio
1285 2593 1488 2626 secundum
1520 2592 1679 2623 formam

56 2649 151 2691 juris
168 2649 403 2690 procederet.

100 2705 254 2738 Vestrae
272 2706 396 2746 itaque
415 2707 687 2740 dominationes
704 2708 900 2745 instanter,
917 2709 953 2739 et
971 2708 1007 2739 id
1024 2706 1238 2749 postulante
1253 2706 1350 2738 dicto
1369 2703 1541 2741 concilio,
1557 2704 1681 2735 oratas

58 2769 139 2793 esse
171 2760 340 2793 volumus
369 2761 507 2793 dietum
547 2763 736 2796 dominum
764 2765 1026 2805 inquisitorem
1055 2764 1101 2795 ad
1130 2773 1197 2795 nos
1230 2763 1310 2794 sine
1342 2770 1448 2793 mora
1491 2759 1680 2792 destinare

59 2816 273 2859 dignentur,
303 2818 486 2849 munitum
515 2818 650 2860 sigillis
679 2820 716 2851 in
745 2819 857 2852 simili
888 2820 1046 2851 materia
1070 2818 1342 2857 sci·x·i011tilms;
1362 2816 1421 2848 cui
1439 2816 1483 2848 de
1502 2814 1680 2855 impensis

59 2873 205 2905 itineris
224 2875 261 2904 et
284 2872 367 2905 aliis
384 2874 418 2906 ei
448 2875 669 2908 necessariis
686 2878 946 2917 competenter
973 2875 1150 2908 satisfieri
1175 2874 1402 2911 curabimus,
1422 2871 1581 2904 Domino
1598 2879 1682 2911 pro—

60 2928 229 2970 pitiante,
249 2929 311 2968 qui
326 2932 362 2961 et
375 2932 516 2962 vestras
534 2931 807 2966 dominationes
825 2931 988 2966 feliciter
1005 2933 1050 2966 ad
1069 2935 1239 2975 tempora
1256 2932 1381 2975 longa,
1402 2935 1472 2964 ete.

105 2981 305 3015 Bruxellae
311 3007 534 3016 .......
