2096 3481
351 281 412 315 442>
1038 278 1141 313 ANN
1147 278 1174 313 O
1201 278 1283 312 1525

351 391 449 422 diam
478 398 562 422 cum
587 389 765 422 moveret.
793 389 1003 423 Conseensa
1027 390 1153 431 itaque
1181 391 1346 429 cochlea,
1375 392 1511 424 mirum
1539 400 1647 432 quam
1676 390 1831 428 sudarit,
1857 399 1968 432 quam

351 454 463 486 aegre
489 443 661 485 spiritum
688 445 846 477 traxerit
870 444 980 477 homo
1005 445 1130 477 mollis
1155 455 1196 478 ac
1220 446 1414 484 delicatus,
1442 445 1640 488 theologus
1666 446 1841 478 nimirum
1867 455 1874 478 :
1905 446 1968 486 qui

349 502 389 531 ut
412 499 574 540 primum
603 498 734 540 pedem
760 498 951 541 ergastulo
977 500 1179 537 intulisset,
1205 502 1408 542 paedorem
1433 502 1470 534 et
1494 500 1721 542 squallorem
1746 500 1819 533 loci
1843 501 1968 533 statim

347 554 471 595 coepit
508 554 708 595 indignans
741 563 904 595 expuere
944 564 1017 587 non
1057 556 1137 588 sine
1176 557 1415 589 execratione
1456 557 1582 589 tantae
1613 556 1817 588 foeditatis.
1850 555 1968 593 Quem

348 609 558 641 Xl'ordenas
587 609 632 641 ad
661 608 847 641 cancellos
875 609 1161 650 colloquuturus
1189 620 1272 643 cum
1301 611 1495 654 Theologo
1527 611 1600 643 iam
1628 611 1779 643 vocatus
1807 610 1965 651 excepit,

349 673 431 695 cum
463 672 608 696 sumnia
639 664 844 705 impietatis
877 664 1192 706 expostulatione,
1228 666 1326 706 quod
1365 676 1448 698 cum
1487 675 1617 698 carcer
1656 665 1847 698 custodiae
1885 664 1967 697 loco

349 727 431 750 csse
463 719 631 758 deberet,
665 728 717 756 sc,
751 719 815 759 qui
851 719 994 751 nullum
1026 721 1170 753 facinus
1201 722 1322 754 morte
1361 721 1516 763 dignum
1553 720 1776 760 admisisset,
1816 721 1854 753 in
1893 720 1969 752 tam

349 772 582 814 graveolenti
606 782 719 806 cavea
743 774 967 806 detinerent.
994 773 1170 807 Ruardus
1195 784 1375 808 excusare
1400 785 1439 808 se
1464 778 1501 808 et
1524 774 1687 807 blandiri
1710 774 1830 806 modis
1855 774 1970 807 omni-

347 827 428 865 bus,
458 836 686 868 monereque
713 828 890 866 vinctum,
921 829 961 860 ut
987 829 1108 870 primo
1138 838 1285 870 quoque
1314 830 1359 862 de
1387 831 1432 871 iJ's
1460 829 1618 862 vinculis
1646 838 1727 862 sese
1752 829 1968 867 extricaret,

348 891 394 914 ne
424 884 625 924 cogeretur
653 883 793 915 diutius
822 883 1095 916 olentissimum
1120 883 1227 916 illum
1250 893 1440 917 carcerem
1468 885 1582 917 terre.
1609 884 1680 917 Sed
1705 893 1814 925 quam
1837 893 1970 925 parum

346 936 411 969 1116
439 938 549 969 11111115
578 938 797 970 movebatur
826 939 948 976 antea,
980 939 1054 971 tam
1079 948 1210 980 parum
1241 949 1338 972 nunc
1367 940 1474 972 curat
1501 940 1620 972 dulcis
1647 939 1834 971 libertatis
1865 948 1970 981 spem

347 993 418 1024 sibi
442 993 630 1024 iniectam.
658 992 816 1025 Interim
842 993 1198 1034 disputatiunculam
1224 995 1409 1035 quandam
1433 995 1567 1036 injicit,
1594 995 1659 1027 sed
1688 994 1821 1033 obiter,
1849 994 1970 1027 bonus

349 1047 565 1090 Theologus
593 1057 706 1089 super
733 1051 934 1090 praecepto
967 1049 1161 1088 ecclesiae,
1192 1059 1305 1091 super
1333 1050 1561 1083 authoritate
1591 1050 1746 1082 Patrum
1774 1051 1812 1082 et
1839 1049 1967 1082 Conci-

348 1103 485 1135 liorum
518 1103 693 1136 decretis.
734 1103 932 1136 Postremo
964 1113 1053 1137 vero
1087 1105 1237 1137 devenit
1268 1105 1313 1137 ad
1345 1105 1614 1138 consolandum
1645 1105 1760 1137 vincti
1791 1104 1967 1143 animum,

348 1159 474 1191 sancte
499 1160 656 1190 testatus
681 1159 798 1199 ipsius
823 1168 862 1191 se
888 1168 1014 1191 casum
1038 1159 1145 1192 valde
1170 1160 1355 1193 miserari.
1382 1160 1479 1192 Hinc
1504 1160 1589 1192 data
1613 1160 1651 1193 et
1673 1159 1822 1192 reddita
1837 1159 1967 1197 salute,

346 1213 522 1246 Ruardus
550 1213 596 1245 ad
624 1213 815 1246 cochleam
843 1214 1129 1247 festinabundus
1163 1215 1287 1256 redijt,
1322 1224 1489 1257 expuens
1522 1216 1559 1247 et
1590 1223 1770 1247 execrans
1795 1213 1969 1246 haustum

346 1268 440 1300 inibi
470 1269 664 1300 foetorem.
701 1268 820 1301 Porro
859 1269 1070 1301 Wordenas
1110 1270 1237 1302 nidum
1277 1279 1385 1302 suum
1422 1270 1598 1311 repetens
1636 1268 1894 1310 pediculosum
1933 1269 1970 1301 et

347 1323 541 1355 cimicibus
557 1323 722 1364 plenum,
749 1323 871 1365 (erant
895 1324 994 1356 enim
1018 1325 1070 1356 ibi
1095 1325 1133 1357 in
1156 1325 1287 1358 eodem
1311 1334 1463 1357 carcere
1487 1324 1653 1357 conclusi
1672 1324 1800 1357 decem
1817 1332 1970 1356 scurrae

347 1378 444 1420 vagi,
478 1378 578 1411 inter
616 1387 708 1419 quos
747 1378 809 1411 hic
847 1380 976 1412 noster
1014 1380 1158 1412 medius
1190 1380 1338 1422 agebat,
1372 1389 1440 1413 ceu
1471 1380 1772 1412 facinorosorum
1804 1379 1970 1411 omnium

344 1433 535 1474 princeps)
563 1434 709 1474 tempus
737 1434 964 1475 captivitatis
992 1443 1081 1467 suae
1109 1435 1205 1467 mira
1231 1436 1310 1467 tum
1337 1435 1520 1476 patientia
1550 1435 1629 1467 tum
1656 1434 1796 1476 pietate
1827 1433 1967 1475 exegit.

344 1488 454 1529 Apud
485 1487 588 1520 illam
620 1489 720 1521 enim
750 1488 944 1521 hominum
975 1489 1175 1522 colluviem
1215 1490 1451 1530 quotidianas
1491 1490 1652 1522 habebat
1682 1488 1894 1527 conciones,
1928 1488 1969 1521 ut

345 1543 600 1575 ferocissimos
628 1543 780 1576 illorum
812 1545 956 1576 animos
987 1544 1180 1587 Evangelij
1215 1546 1252 1577 et
1284 1545 1354 1578 Dei
1385 1545 1601 1587 cognitione
1629 1544 1826 1582 imbueret,
1857 1544 1968 1584 atque

346 1598 391 1630 ad
409 1599 663 1639 contemptum
680 1599 825 1636 mortis,
841 1608 951 1639 quam
968 1599 1066 1632 bona
1082 1609 1169 1641 pars
1186 1599 1339 1632 illorum
1354 1609 1423 1641 pro
1440 1600 1585 1632 meritis
1604 1599 1752 1637 subivit,
1772 1599 1966 1631 animaret.

347 1652 418 1686 Ubi
443 1654 587 1685 tantum
612 1654 785 1694 profecit,
812 1655 853 1686 ut
876 1653 985 1686 multi
1009 1654 1131 1696 palam
1157 1656 1400 1692 testarentur,
1430 1664 1470 1687 se
1498 1655 1629 1696 optare
1657 1654 1753 1686 votis
1781 1653 1965 1692 omnibus,

345 1708 385 1739 ut
423 1717 506 1740 cum
539 1709 614 1740 tam
645 1709 706 1749 pio
738 1708 891 1742 homine
923 1710 1157 1750 oppeterent.
1192 1710 1409 1742 Pannosum
1441 1710 1627 1750 quendam
1657 1709 1710 1741 ibi
1741 1708 1968 1741 nebulonem

346 1762 513 1795 detracto
542 1763 614 1795 sibi
638 1763 798 1795 amiculo
822 1764 1018 1797 vestiebat.
1045 1765 1129 1797 Non
1154 1764 1269 1797 semel
1297 1773 1365 1806 per
1392 1765 1430 1797 id
1458 1766 1604 1806 tempus
1628 1763 1722 1796 mihi
1746 1763 1966 1801 testabatur,

345 1826 385 1850 se
402 1818 439 1849 id
456 1817 701 1851 vehementer
717 1818 901 1860 gratulari
918 1819 1070 1860 pietatis
1089 1820 1294 1858 doetrinae,
1314 1820 1413 1860 quod
1430 1829 1515 1852 eum
1534 1819 1751 1860 Scripturae
1768 1817 1968 1851 articulum

344 1872 400 1912 (ut
415 1872 570 1911 clarum,
596 1873 650 1905 ita
672 1874 710 1905 et
737 1873 951 1915 plausibile)
970 1876 1100 1907 nactus
1125 1876 1236 1912 esset,
1263 1884 1374 1915 quem
1398 1875 1587 1907 vindicare
1605 1874 1758 1906 daretur
1774 1873 1968 1915 sanguinis

344 1928 401 1959 sui
428 1928 647 1968 profusione
674 1937 681 1960 :
711 1929 809 1961 unde
838 1929 951 1961 etiam
978 1929 1015 1961 in
1045 1931 1119 1961 tam
1148 1931 1292 1962 arctum
1319 1930 1507 1972 coegisset
1533 1928 1799 1970 theologorum
1827 1928 1966 1969 copias,

343 1983 383 2014 ut
412 1983 600 2015 nescirent
625 1983 809 2023 quomodo
835 1983 958 2024 ipsum
975 1983 1032 2017 vel
1049 1985 1251 2023 retineant,
1271 1984 1329 2017 vel
1355 1985 1546 2024 amittant3
1573 1993 1684 2024 quem
1709 1984 1740 2015 si
1764 1983 1965 2021 dimittant,

343 2037 606 2070 convolaturos
631 2047 698 2070 suo
722 2037 895 2079 exemplo
920 2039 1103 2080 plurimos
1127 2049 1147 2072 e
1172 2040 1408 2072 sacerdotum
1433 2048 1551 2081 grege
1576 2038 1622 2071 ad
1645 2038 1880 2080 coniugium3
1910 2038 1966 2069 sin

342 2094 543 2132 retineant,
559 2102 748 2134 nunquam
766 2095 979 2135 quieturam
996 2095 1219 2136 adversarijs
1235 2094 1334 2127 male
1351 2095 1423 2127 sibi
1439 2094 1611 2127 consciae
1629 2093 1765 2126 mentis
1782 2092 1965 2135 Erinnyn.

388 2149 484 2180 Dum
521 2157 688 2181 mensem
719 2158 816 2190 pene
849 2150 968 2181 totum
999 2149 1060 2181 hie
1099 2149 1231 2183 haeret
1266 2150 1489 2187 VVordenas,
1529 2150 1570 2181 ut
1600 2148 1658 2181 vel
1696 2148 1858 2180 carceris
1891 2148 1969 2181 diu-

343 2203 524 2236 turnitate
563 2205 765 2245 urgeretur
797 2204 843 2236 ad
873 2203 1115 2245 palinodiam,
1151 2214 1261 2245 quam
1293 2205 1370 2237 toto
1402 2206 1555 2246 pectore
1586 2203 1796 2241 recusabat,
1828 2203 1968 2235 factum

342 2259 410 2296 est,
437 2259 476 2290 ut
502 2259 652 2290 domina
678 2258 922 2301 Margaretha
945 2259 1194 2292 Maximiliani
1218 2259 1308 2298 filia,
1328 2269 1402 2292 una
1425 2269 1509 2292 cum
1533 2258 1748 2301 provinciae
1772 2258 1965 2300 praefecto

343 2313 493 2345 domino
519 2313 740 2356 Montigono
765 2314 901 2346 comite
926 2315 970 2346 ab
995 2314 1240 2356 Hogostrato‚
1271 2316 1309 2347 et
1336 2316 1415 2347 toto
1445 2315 1537 2347 adeo
1566 2316 1697 2347 senatu
1722 2313 1967 2356 imperatorio

344 2367 490 2410 Hagam
521 2369 826 2410 ingrederentur.
855 2368 911 2401 Ibi
940 2370 1017 2401 tum
1046 2379 1141 2402 nova
1169 2370 1279 2402 turba
1306 2369 1404 2409 data,
1435 2379 1530 2402 nova
1556 2370 1750 2409 inquisitio
1779 2369 1964 2401 instituta.

342 2423 498 2455 Advecti
530 2423 675 2465 Hagam
704 2423 858 2456 Comitis
887 2433 933 2456 ex
959 2425 1131 2456 omnibus
1160 2424 1386 2457 Hollandiae
1418 2425 1629 2456 civitatibus
1658 2424 1795 2465 captivi
1823 2432 1964 2462 omnes,

345 2478 407 2518 qui
440 2478 485 2510 ob
518 2478 718 2510 haereseos
750 2479 892 2511 crimen
924 2479 1038 2510 vincti
1067 2480 1187 2511 erant.
1218 2479 1464 2512 Praesidebat
1495 2480 1621 2511 autem
1650 2478 1737 2510 huic
1763 2479 1965 2511 renovatae

342 2533 577 2573 inquisitioni
607 2542 761 2574 praeses
794 2532 1078 2566 Mechliniensis
1110 2534 1293 2576 magister
1331 2534 1499 2566 Judocus
1531 2534 1765 2575 Loveringus
1800 2533 1965 2574 pertina-

343 2588 513 2619 cissimus
532 2588 754 2629 disputator,
773 2589 948 2629 idemque
965 2588 1255 2621 iurisconsultus
1273 2589 1368 2621 bene
1386 2588 1523 2629 loquax
1540 2598 1546 2620 :
1574 2588 1673 2629 quod
1689 2588 1770 2629 ipse
1787 2588 1965 2629 expertus

343 2641 488 2682 loquor.
519 2643 613 2675 Nam
642 2643 720 2684 xiiij
748 2643 878 2676 diebus
903 2643 995 2675 mihi
1020 2653 1167 2684 quoque
1191 2653 1260 2685 per
1283 2644 1354 2676 hoc
1378 2645 1524 2685 tempus
1549 2652 1633 2675 cum
1657 2643 1790 2675 eodem
1813 2642 1965 2675 homine

344 2698 381 2729 et
396 2697 683 2737 inquisitoribus
699 2707 760 2730 res
777 2699 848 2730 fuit
865 2698 1036 2739 acrisque
1054 2699 1299 2736 concertatio,
1319 2708 1403 2731 eum
1420 2699 1458 2731 in
1476 2699 1588 2731 fidem
1612 2697 1668 2729 illi
1692 2706 1814 2730 meam
1831 2697 1966 2730 articu-

343 2753 448 2785 latim
471 2754 718 2793 inquirerent.
739 2754 819 2792 Qua
835 2754 880 2787 de
896 2763 938 2786 re
955 2753 1047 2786 alias
1065 2763 1188 2796 agam.
1209 2755 1299 2787 Cum
1316 2754 1442 2795 itaque
1460 2754 1595 2786 horum
1620 2752 1812 2785 consessui
1827 2752 1966 2784 iterum

344 2808 542 2840 sisteretur
559 2809 780 2846 lVordenas,
797 2808 1013 2851 (sistebatur
1031 2811 1154 2842 autem
1168 2809 1400 2850 identidem),
1417 2807 1509 2840 nihil
1525 2817 1599 2840 non
1617 2807 1695 2850 agit
1709 2807 1964 2849 Loveringus3

344 2862 468 2899 instat,
495 2864 618 2904 urget,
643 2863 802 2895 blandus
826 2864 880 2900 fit,
906 2864 1010 2899 furit,
1037 2864 1202 2896 insanit:
1228 2864 1382 2896 interim
1416 2872 1549 2895 aureos
1576 2862 1721 2894 montes
1748 2860 1962 2903 pollicetur,

345 2922 382 2948 ct
398 2916 434 2947 in
454 2926 581 2949 omnes
596 2926 677 2950 sese
694 2918 833 2950 formas
851 2918 932 2958 (6611
951 2918 1138 2950 Protheus
1152 2919 1316 2959 quidam)
1330 2918 1455 2955 vertit,
1471 2919 1511 2950 ut
1527 2916 1768 2950 Wordenatis
1785 2916 1960 2953 animum,

346 2971 408 3013 qui
440 2972 514 3004 stat
544 2973 584 3004 ut
614 2972 802 3014 Marpesia
831 2974 970 3012 cautes,
1012 2974 1057 3006 ad
1095 2972 1324 3015 palinodiam
1362 2973 1543 3006 inflectat.
1581 2972 1721 3005 Verum
1757 2970 1961 3008 enimvero,
