2096 3481
301 285 364 319 302
990 281 1126 316 ANNO
1153 281 1236 315 1524

300 396 408 437 ringe
437 394 531 427 ende
559 392 824 426 conuenticule
853 394 1025 436 gcmaect
1047 392 1196 426 hadden
1220 390 1409 425 contrarie
1433 389 1607 423 tverbodt
1631 390 1725 424 ende
1747 389 1929 432 Jnhibicie

301 451 368 483 der
398 450 501 482 stede
530 458 600 481 van
627 449 949 489 Amsterdamme3
979 457 1072 481 voor
1099 447 1243 481 welckc
1271 455 1382 488 rcyse
1411 446 1482 478 den
1511 455 1635 478 voors.
1665 446 1931 481 duerwaerder

302 504 563 546 toegetaxeert
592 504 626 545 js
659 504 740 536 vier
772 504 893 546 dagen
927 504 982 535 tot
1013 503 1100 536 aoht
1138 504 1289 535 stuucrs
1321 500 1490 538 sdacchs,
1525 501 1584 534 die
1616 501 1703 533 hcm
1733 502 1782 543 by
1815 503 1930 536 desen
1959 535 1962 538 ,

302 559 529 601 outfangher
555 558 700 591 betaelt
727 568 808 601 zyn,
838 558 1050 600 blyckendc
1082 559 1130 600 by
1163 556 1443 590 dordonnancie
1474 556 1707 598 begripende
1740 557 1930 597 quitancie

303 614 382 647 hier
401 613 682 656 ouergelcuert.
700 614 941 646 Waeromme
958 613 1042 646 hier
1057 613 1159 654 xxxij
1180 622 1210 645 s.

650 690 910 733 Rijksarchicf
927 692 963 724 te
980 690 1008 723 's
1025 689 1284 732 Gravenhago,
1305 689 1541 733 Rekeninyen
1561 699 1635 722 van
1656 687 1727 723 den
1747 687 1931 733 exploiten

694 745 728 789 (Ι
746 746 872 780 Maart
891 744 1158 779 4524-laatsten
1176 745 1358 779 Febr-uari
1378 744 1488 786 1525),
1507 744 1573 776 fol.
1592 743 1647 786 lij.

1052 889 1175 933 250.

372 1025 511 1073 1524,
555 1020 844 1077 Antwerpen
882 1032 940 1063 en
980 1019 1037 1063 de
1076 1018 1431 1064 Nederlanden.
1476 1013 1716 1059 Uittreksel
1764 1013 1828 1058 uit
1879 1013 1933 1057 de

302 1092 489 1151 Kronijk
520 1106 606 1136 van
629 1092 704 1136 het
735 1092 930 1135 klooster
962 1096 1006 1136 te
1037 1090 1312 1135 Amersfoort
1345 1103 1452 1135 over
1475 1089 1527 1133 de
1549 1087 1827 1145 verbreiding
1855 1088 1933 1131 der

301 1161 474 1219 ketterij
499 1162 543 1204 in
575 1161 628 1205 de
645 1161 950 1206 Nederlanden
974 1174 1027 1204 en
1051 1160 1104 1204 de
1129 1160 1394 1217 lotgevallen
1413 1159 1491 1202 der
1527 1157 1823 1216 AugustiJnen
1848 1169 1932 1200 van

303 1231 589 1288 Antwerpen.

348 1325 456 1357 Anno
489 1324 561 1358 MD
592 1324 775 1368 vigesimo
809 1325 942 1366 quarto
978 1323 1138 1357 invaluit
1176 1324 1315 1365 ubique
1354 1323 1466 1356 nimis
1506 1323 1608 1356 secta
1634 1321 1863 1360 Lutherana,
1895 1320 1935 1353 et

306 1381 470 1413 maxima
506 1381 721 1422 persecutio
759 1381 896 1423 agente
928 1381 965 1413 ct
995 1380 1197 1412 mandante
1236 1379 1325 1421 imp.
1362 1378 1493 1412 Carolo
1526 1377 1774 1420 percrebruit,
1807 1376 1862 1409 ita
1894 1375 1936 1408 ut

306 1436 576 1468 monasterium
593 1435 931 1478 Augustinensium
946 1435 984 1467 in
999 1435 1149 1467 civitate
1165 1434 1422 1476 Antverpiana
1434 1434 1550 1467 fuerit
1562 1433 1712 1475 penitus
1727 1431 1936 1465 desolatum

308 1491 480 1523 omnibus
508 1491 689 1523 fratribus
714 1500 798 1523 cum
827 1500 893 1523 suo
919 1491 1046 1532 priore
1072 1490 1203 1531 captis,
1223 1490 1261 1522 et
1285 1490 1323 1522 in
1348 1490 1470 1522 castro
1495 1488 1728 1521 Villaefortis
1753 1487 1874 1519 ductis
1898 1489 1936 1518 et

307 1546 452 1587 pariter
478 1546 625 1585 vinctis,
659 1546 787 1588 priore
818 1546 856 1578 in
889 1546 1106 1579 Flandriam
1138 1545 1297 1578 abducto
1332 1546 1369 1578 et
1402 1545 1448 1577 ad
1478 1544 1757 1577 revocationem
1789 1541 1933 1579 adacto,

309 1602 371 1642 qui
399 1602 542 1642 postca,
570 1602 656 1634 dum
685 1601 782 1634 liber
810 1602 921 1639 essct,
951 1601 1161 1634 recidivans
1186 1600 1323 1633 iterum
1348 1601 1478 1642 captus
1503 1600 1541 1633 et
1563 1599 1651 1632 inde
1675 1607 1715 1632 se
1740 1597 1935 1631 excutiens

310 1657 470 1699 aufugit.

352 1712 504 1745 Fratres
533 1713 658 1745 autem
686 1712 744 1745 sui
771 1712 886 1755 longo
916 1713 1086 1753 tempore
1114 1711 1152 1743 in
1176 1710 1367 1743 Villaforti
1392 1711 1535 1744 detenti
1559 1719 1688 1744 omnes
1713 1709 1937 1752 abJ'urarunt

309 1769 462 1806 sectam,
497 1768 617 1800 tribus
649 1768 687 1799 in
719 1768 914 1809 proposito
946 1766 1288 1808 perseverantibus.
1319 1765 1391 1805 Qui
1423 1765 1642 1799 Bruxellam
1675 1765 1825 1798 deducti
1855 1765 1937 1807 igni

309 1823 514 1864 adjudicati
531 1824 568 1856 et
586 1823 796 1865 degradati.
814 1823 897 1855 Duo
916 1831 962 1855 ex
980 1822 1112 1860 tribus,
1138 1821 1161 1854 J
1165 1820 1333 1854 ohannes
1349 1822 1386 1854 et
1403 1821 1591 1854 Henricus
1614 1821 1778 1859 nomine,
1796 1820 1937 1853 ibidem

309 1878 493 1911 combusti
511 1879 608 1917 sunt,
624 1878 738 1911 tertio
752 1878 953 1911 Lambcrto
968 1877 1129 1918 quodam
1143 1876 1281 1909 iterum
1297 1876 1445 1909 recluso
1459 1877 1497 1910 et
1510 1877 1556 1909 ad
1569 1877 1715 1918 tempus
1727 1876 1935 1908 reservato.

352 1933 448 1966 Fere
476 1932 620 1975 aliquot
645 1933 837 1966 mensibus
867 1933 1020 1971 exactis,
1051 1941 1097 1965 ex
1125 1933 1259 1966 iisdem
1283 1932 1464 1965 fratribus
1491 1931 1758 1972 Antverpianis
1786 1930 1937 1972 quidam

309 1987 495 2031 Henricus
523 1988 811 2030 Zutphaniensis
838 1997 884 2021 ex
907 1987 1100 2029 praedicto
1125 1989 1248 2020 castro
1275 1986 1466 2020 relaxatus
1493 1987 1593 2029 sugit
1618 1986 1934 2028 Wittenbergam.

309 2044 453 2077 Ibidem
485 2053 506 2076 a
536 2043 703 2076 Luthero
733 2044 918 2076 animatus
950 2043 1076 2085 pergit
1107 2043 1295 2081 Bremam,
1329 2052 1439 2084 quam
1470 2042 1750 2084 praedicatione
1782 2041 1937 2074 invertit

311 2100 427 2131 totam
452 2099 497 2131 ad
521 2100 685 2132 mentem
710 2099 882 2136 Lutheri,
908 2098 960 2130 ita
983 2099 1024 2130 ut
1049 2107 1177 2131 omnes
1202 2098 1427 2131 Bremenses
1452 2098 1692 2130 efficerentur
1715 2096 1935 2135 Lutherani,

312 2155 349 2187 et
373 2154 481 2187 fieret
505 2154 635 2187 civitas
660 2153 805 2195 asylum
832 2153 998 2185 omnium
1014 2154 1276 2195 profugorum,
1295 2154 1370 2185 tam
1386 2152 1657 2185 monachorum
1672 2161 1782 2194 quam
1798 2151 1939 2184 monia-

310 2209 414 2246 lium,
440 2209 582 2242 relictis
607 2209 734 2250 cappis
760 2210 798 2241 et
820 2208 987 2241 vestibus
1009 2208 1137 2247 sacris,
1165 2209 1202 2241 et
1225 2208 1464 2240 matrimonia
1487 2207 1629 2249 pariter
1653 2208 1785 2240 contra
1807 2215 1939 2240 eorum

309 2266 395 2296 vota
426 2264 706 2301 contraherent,
740 2273 786 2297 ex
817 2273 914 2305 pene
940 2263 1115 2296 omnibus
1145 2263 1339 2295 ordinibus
1368 2263 1500 2299 eodem
1528 2262 1803 2295 confluentibus
1833 2263 1870 2294 et
1900 2261 1939 2293 in

309 2319 485 2352 libertate
502 2319 727 2352 viventibus.
743 2319 943 2352 Praefatus
958 2319 1082 2351 autem
1100 2318 1287 2351 Henricus
1303 2318 1482 2350 invitatus
1501 2317 1630 2350 venire
1646 2317 1685 2349 in
1699 2317 1940 2350 Ditmarsiam

312 2375 358 2407 ad
382 2374 674 2416 praedicandum
698 2374 839 2407 ibidem
862 2374 1019 2407 verbum
1043 2374 1125 2412 Dei,
1145 2374 1186 2405 ut
1211 2373 1369 2406 Bremae
1392 2373 1546 2412 fecerat,
1572 2372 1866 2414 comprehensus
1884 2372 1941 2404 est

312 2439 334 2462 a
350 2430 510 2470 quodam
526 2429 679 2467 vasallo,
698 2429 759 2462 cui
783 2429 951 2462 detectus
976 2429 1111 2468 fuerat,
1139 2437 1250 2469 quem
1274 2428 1399 2470 coegit
1422 2437 1601 2461 revocare
1626 2428 1725 2469 quod
1747 2426 1939 2469 praedica-

311 2486 426 2517 verat.
446 2484 531 2526 Ipso
550 2486 675 2518 autem
690 2485 887 2523 renuente,
907 2484 954 2517 ad
969 2483 1097 2526 palum
1114 2483 1253 2526 ligatus
1271 2483 1487 2515 combustus
1505 2484 1576 2516 cst.

662 2561 826 2603 Kronijk
842 2571 912 2594 van
929 2561 994 2594 het
1010 2560 1180 2594 klooster
1197 2560 1242 2594 de
1259 2560 1390 2594 Birckc
1406 2562 1443 2594 te
1459 2560 1697 2594 Amersfoort
1711 2559 1938 2601 (1395-1541),

702 2617 752 2658 bij
772 2616 997 2656 Matthaeus,
1017 2615 1272 2650 Fundationes
1287 2620 1319 2649 et
1335 2615 1414 2659 fata
1431 2615 1682 2655 ecclesiarum,
1700 2615 1770 2648 blz.
1788 2614 1864 2651 521.

1063 2758 1176 2804 251.

383 2896 523 2944 1524,
555 2892 590 2934 ’s
616 2889 942 2948 Gravenhaqe.
983 2886 1223 2930 Uittreksel
1262 2885 1327 2930 uit
1363 2886 1416 2929 de
1452 2884 1721 2942 rekeningen
1757 2898 1842 2929 van
1860 2885 1937 2929 het

316 2963 405 3007 Hof
425 2977 504 3007 van
530 2962 716 3006 Holland
739 2975 842 3006 over
865 2962 917 3005 de
940 2960 1026 3004 reis
1048 2974 1135 3004 van
1158 2973 1295 3004 eenen
1318 2959 1425 3003 bode
1448 2972 1557 3003 naar
1578 2957 1820 3002 Montfoort
1850 2961 1937 3002 met
