2096 3481
346 285 408 317 43⁶2
1036 281 1172 316 ANNO
1198 282 1281 316 1525

390 394 586 426 Montanus
601 392 662 434 (1).
683 392 757 425 Per
774 400 845 435 ego
862 392 1062 425 missarum
1079 400 1186 425 sacra
1201 391 1272 425 1100
1289 392 1356 426 tibi
1374 392 1519 432 deiuro,
1538 400 1598 426 me
1616 391 1757 426 nullam
1779 392 1968 426 facturum

346 449 507 489 desuper
523 448 806 487 conscientiam,
824 447 855 480 si
873 447 1065 480 hostiliter
1084 448 1207 480 tecum
1224 456 1346 490 agam.

395 501 610 535 Ilm-denas.
643 502 724 534 Hoc
755 501 848 534 illud
881 504 938 535 est
976 501 1133 541 scilicet,
1167 503 1266 543 quod
1298 503 1335 535 in
1369 503 1582 535 novissimis
1616 502 1851 545 temporibus
1881 503 1965 536 fore

346 558 533 599 praedixit
550 556 753 598 Apostolus
767 557 826 598 (2),
849 571 864 583 u
884 556 1055 590 homines
1079 557 1137 589 sui
1161 559 1342 595 amantes,
1361 557 1493 596 elatos,
1513 557 1765 599 blasphemos,
1791 557 1965 591 crimina-

347 614 458 648 tores,
489 611 819 649 immisericordes,
849 611 1003 644 affectus
1031 611 1190 650 nescios,
1221 611 1402 645 habentes
1431 611 1582 653 quidem
1610 612 1775 653 speciem
1798 612 1963 654 pietatis,

344 666 408 698 sed
426 666 602 698 virtutem
620 666 700 698 eius
718 666 961 708 abnegantes.
982 681 998 695 n

386 720 600 753 Montanus.
627 720 733 758 Quod
759 730 825 753 nos
850 721 962 763 fingis
987 721 1113 760 duros,
1139 721 1459 754 immisericordes
1483 722 1521 754 et
1544 721 1803 761 inclementes,
1828 721 1867 754 id
1890 731 1965 754 non

342 777 399 807 est
417 775 476 816 (3);
508 785 591 808 nam
620 775 764 808 vultum
795 777 965 809 nostrum
997 776 1066 808 tibi
1097 776 1135 808 in
1167 775 1238 809 1100
1268 777 1534 817 pervertimus,
1568 778 1609 809 ut
1640 776 1814 809 omnibus
1844 775 1965 809 modis

343 832 544 869 tentemus,
563 831 595 862 si
613 839 684 871 qua
701 831 851 863 tandem
865 831 1012 864 ratione
1026 839 1205 872 queamus
1223 832 1298 863 tam
1315 831 1480 873 rigidum
1498 832 1536 864 et
1552 831 1783 873 prefractum
1799 830 1965 864 animum

342 884 527 924 emollire,
554 895 628 918 11011
653 886 699 918 3(1
723 885 970 927 perdendum,
995 886 1062 919 sed
1087 886 1312 919 servandum
1336 886 1386 919 te.
1413 885 1536 923 Quare
1561 885 1756 918 consultor
1783 885 1853 919 tibi
1880 885 1963 923 sim,

342 941 382 972 ut
398 940 562 982 ingenue
579 941 821 981 respondeas,
841 942 879 974 et
894 940 954 974 vel
971 950 1046 974 uno
1063 941 1177 974 verbo
1196 941 1298 973 dicas
1315 941 1404 982 quid
1421 941 1570 979 feceris,
1589 940 1679 981 quid
1696 950 1783 973 non.

391 993 604 1029 Wordenas.
633 996 833 1037 Nunquam
857 996 1038 1029 evincetis
1061 995 1155 1028 mihi
1180 996 1329 1029 ductam
1353 1004 1517 1036 unquam
1541 1004 1711 1029 uxorem.
1730 994 1821 1033 Quis
1837 1003 1963 1029 coram

341 1049 419 1082 Deo
437 1050 519 1089 sim,
539 1050 632 1083 nihil
651 1051 696 1084 ad
713 1060 778 1084 vos
796 1051 942 1084 attinet.

383 1103 678 1138 Duvenvorthus.
711 1105 804 1139 Vide
837 1107 962 1139 autem
993 1115 1040 1139 ne
1079 1107 1143 1139 tuo
1182 1106 1302 1148 ipsius
1334 1115 1445 1138 sorex
1476 1106 1617 1138 iudicio
1647 1105 1836 1148 prodaris,
1869 1114 1964 1139 neve

340 1160 574 1202 autographo
607 1162 670 1193 tuo
703 1161 939 1194 contradicas
957 1161 1023 1202 (4);
1053 1160 1194 1202 alioqui
1222 1161 1422 1203 urgeberis
1450 1161 1496 1193 ad
1524 1161 1803 1203 agnoscendam
1831 1169 1964 1193 manus

341 1216 426 1248 tuae
451 1216 688 1257 scripturam.
708 1215 959 1255 Quamobrem
984 1216 1101 1248 satius
1126 1217 1195 1255 est,
1221 1218 1263 1248 ut
1286 1216 1506 1258 coniugium
1531 1216 1630 1256 quod
1647 1215 1784 1257 adijsti,
1804 1216 1962 1254 fateare,

339 1269 474 1303 deinde
503 1270 707 1312 Scripturis
729 1272 870 1304 factum
897 1273 1002 1304 tuum
1026 1271 1162 1312 (quoad
1188 1270 1339 1311 quidem
1355 1270 1513 1312 poteris)
1532 1270 1730 1312 defendas3
1748 1270 1788 1302 id
1805 1278 1876 1313 ego
1894 1269 1963 1302 tibi

338 1325 502 1357 monitor
519 1326 601 1358 sim.

389 1378 603 1414 Wordenas.
632 1381 814 1422 Equidem
841 1381 954 1414 credo
979 1383 1016 1414 te
1044 1380 1175 1414 sedulo
1205 1389 1332 1423 agere,
1350 1381 1402 1413 mi
1427 1380 1591 1421 domine,
1617 1380 1660 1412 ut
1681 1389 1744 1413 res
1774 1389 1860 1413 mea
1886 1389 1960 1413 non

338 1434 436 1468 male
453 1434 606 1477 habeat3
626 1445 742 1476 quare
766 1446 841 1469 non
865 1445 1003 1479 gravor
1026 1437 1101 1469 tuis
1125 1435 1293 1477 consilijs
1318 1435 1570 1476 acquiescere.
1591 1435 1698 1473 Quod
1721 1435 1754 1467 si
1775 1435 1959 1468 iustitiam

337 1490 448 1528 tueri,
479 1491 516 1523 et
542 1500 601 1524 me
625 1492 865 1525 innocentem
889 1500 1040 1525 servare
1064 1501 1106 1524 ac
1129 1490 1321 1523 vindicare
1346 1490 1390 1522 ab
1414 1490 1566 1529 iniuria,
1592 1490 1634 1522 ut
1656 1488 1829 1523 consules
1853 1489 1956 1529 estis,

337 1553 410 1577 non
429 1545 699 1586 detrectabitis‚
719 1547 751 1579 si
767 1547 877 1579 modo
902 1556 1054 1579 causam
1077 1546 1174 1579 113110
1197 1554 1320 1579 meam
1344 1545 1494 1583 iustam,
1512 1544 1675 1584 facilem,
1693 1544 1957 1578 vindicabilem

335 1601 410 1631 tam
436 1598 639 1642 Scripturis
663 1610 773 1642 quam
797 1601 1007 1634 rationibus
1030 1601 1252 1643 probavero,
1279 1599 1374 1632 nihil
1399 1609 1532 1633 eorum
1555 1608 1651 1640 quae
1675 1599 1873 1642 rogabitis,
1891 1608 1957 1632 vos

334 1655 519 1689 celavero.

377 1710 671 1746 Ducenvorthus.
692 1712 946 1746 Defendemus
965 1713 1002 1745 te
1018 1712 1058 1744 in
1074 1711 1134 1744 his
1152 1720 1248 1752 quae
1265 1711 1360 1744 iuris
1377 1712 1464 1744 sunt
1477 1711 1540 1753 (5).

382 1766 599 1800 Wordenas.
628 1768 722 1810 Age,
752 1777 835 1811 age,
866 1768 1013 1808 quando
1041 1767 1114 1800 huc
1141 1776 1202 1800 me
1226 1768 1334 1799 vocat
1358 1767 1459 1800 Deus
1481 1766 1521 1798 in
1546 1765 1662 1798 animi
1685 1765 1760 1799 mei
1783 1767 1956 1807 penetra-

332 1820 454 1854 libus:
480 1824 587 1855 vocat
611 1823 724 1856 etiam
747 1825 873 1856 vestra
896 1823 990 1856 fides
1014 1823 1111 1861 data,
1138 1811 1491 1855 circuitione'nulla
1514 1820 1674 1862 amplius
1698 1829 1835 1853 usurus
1858 1829 1954 1853 sum.

333 1876 457 1914 Quare
485 1877 689 1920 ingenuam
717 1878 845 1920 accipe
876 1878 933 1911 rei
962 1878 1076 1910 totius
1105 1876 1382 1910 confessionem
1400 1875 1461 1918 (6).
1490 1876 1603 1914 Duxi,
1631 1870 1766 1915 fateor,
1798 1883 1954 1909 uxorem

330 1931 435 1971 mihi,
455 1932 521 1965 sed
538 1932 648 1970 clam,
667 1934 704 1966 et
720 1933 861 1974 absque
878 1933 1032 1966 arbitris
1051 1942 1059 1964 :
1079 1932 1145 1966 sed
1162 1932 1245 1965 iure
1263 1932 1366 1964 duxi.

372 1986 586 2020 Montanus.
606 1988 774 2026 Quonam
790 1989 830 2020 id
846 1988 942 2027 iure,
962 1997 1114 2029 quaeso,
1130 1988 1256 2020 divino
1273 1996 1319 2020 an
1337 1987 1522 2020 humano?

378 2041 594 2076 Wordenas.
614 2042 652 2076 Si
670 2053 744 2076 non
762 2043 939 2080 humano,
958 2044 1061 2076 certe
1087 2043 1236 2075 divino:
1263 2043 1305 2075 ut
1327 2041 1398 2075 hac
1421 2041 1568 2075 scilicet
1591 2041 1652 2075 via
1666 2041 1951 2075 immoderatam

330 2097 453 2130 carnis
470 2098 658 2132 ustionem
675 2099 885 2137 evaderem,
905 2099 944 2131 et
960 2098 1210 2131 scortationes
1228 2098 1422 2131 evitarem.

371 2153 583 2186 Montanus.
623 2153 730 2186 Itane
768 2153 885 2187 licere
924 2153 1017 2186 dicis
1057 2153 1330 2190 sacerdotibus,
1372 2161 1458 2186 cum
1496 2161 1579 2185 sese
1618 2151 1827 2186 coelibatus
1864 2152 1950 2185 voto

330 2208 591 2250 astrinxerint,
608 2209 663 2241 uti
681 2208 906 2241 contrahant
920 2208 1227 2241 matrimonium?

378 2263 595 2297 Wordenas.
630 2263 781 2303 Quidni,
814 2264 846 2296 si
878 2264 1058 2296 urantur?
1088 2272 1172 2296 cum
1204 2262 1340 2296 melius
1367 2263 1417 2295 sit
1444 2262 1587 2296 nubere
1615 2271 1726 2303 quam
1753 2262 1826 2301 uri,
1854 2262 1950 2296 teste

326 2318 358 2349 A
387 2317 505 2351 ostolo
572 2344 579 2351 .

359 2319 582 2407 pB107ztczrz(g.)‹›·.
601 2373 682 2407 Hoc
699 2374 851 2415 quidem
866 2373 1039 2416 Apostoli
1056 2373 1210 2411 dictum,
1231 2373 1276 2406 de
1294 2352 1554 2407 sacerdotibus
1570 2372 1609 2406 et
1624 2372 1778 2414 votarijS
1793 2371 1948 2405 minime

326 2428 384 2461 est
399 2429 658 2471 accipiendum
671 2429 732 2471 (8).

370 2550 417 2591 (1)
442 2551 487 2583 In
510 2552 680 2595 maryz'ne
698 2561 705 2584 :
733 2550 872 2584 Salutis
889 2560 978 2584 suae
995 2560 1099 2584 aram
1116 2550 1265 2584 adiurat
1281 2550 1393 2583 homo
1411 2549 1690 2593 sanguinarius.

369 2605 415 2647 (2)
503 2605 607 2638 Idem
698 2616 707 2639 ε
733 2605 924 2639 Secundus
945 2605 1106 2644 Titulus,
1125 2606 1158 2638 3.

368 2659 415 2701 (3)
503 2660 606 2695 Idem
696 2670 705 2694 ε
731 2661 844 2695 Melle
861 2661 951 2694 litus
967 2660 1115 2704 gladius
1131 2660 1171 2693 in
1187 2660 1395 2693 Pistorium
1412 2659 1626 2701 stringitur.

366 2714 413 2756 (4)
501 2715 607 2750 Idem
697 2726 705 2749 :
731 2716 867 2750 Fassus
892 2716 1043 2757 quidem
1065 2716 1191 2750 suerat
1212 2715 1318 2757 prius
1341 2714 1567 2753 Wordenas,
1594 2723 1669 2746 non
1686 2722 1795 2747 suum
1811 2713 1939 2746 coniu-

778 2772 894 2814 gium,
913 2771 979 2804 sed
996 2772 1230 2805 sacerdotem
1245 2770 1331 2804 fieri
1346 2779 1454 2812 posse
1470 2770 1683 2813 coniugem.

368 2823 415 2865 (5)
503 2825 609 2859 Idem
700 2835 708 2858 :
733 2826 791 2859 An
806 2827 845 2859 id
861 2827 1133 2868 praestiterint,
1151 2826 1274 2860 exitus
1291 2825 1405 2859 dedit.

368 2879 414 2920 (6)
503 2879 608 2914 Idem
699 2890 706 2912 :
733 2881 885 2923 Pistorij
904 2881 1105 2914 confessio.

368 2934 415 2975 (7)
503 2933 607 2968 Idem
699 2946 706 2969 :
732 2936 862 2969 Prima
877 2937 923 2969 ad
940 2935 1194 2973 Corinthinos,
1211 2935 1245 2968 7.

367 2988 414 3029 (8)
504 2988 608 3022 Idem
699 2999 706 3021 :
733 2990 926 3025 Glossema
949 2991 1208 3033 sophisticum.

2084 2963 2096 3152 -.n-nl.·....
2092 2924 2096 2927 .
