2096 3481
325 261 388 292 448
1026 252 1161 286 ANNO
1187 252 1270 285 1525

326 368 481 401 nescias.
507 366 561 397 tui
583 365 667 397 odio
693 363 928 406 grandaevus
951 362 1148 404 parcns(l)
1173 361 1313 394 aeditui
1337 368 1506 398 munere,
1532 358 1630 400 quod
1657 358 1712 391 tot
1734 366 1850 390 annos
1878 356 1943 389 1110

325 422 454 464 gessit.
475 430 571 452 nunc
587 420 827 452 exautoratus
845 419 913 450 est.
934 417 1017 449 Non
1035 418 1143 458 putas
1162 415 1257 448 hanc
1273 416 1455 448 iacturam
1470 414 1643 447 mordere
1659 413 1778 445 virum
1795 411 1946 445 senem?

325 476 438 516 Atqui
466 475 564 507 hunc
588 476 627 506 tu
652 481 802 506 servare
826 472 925 514 potis
953 480 1004 509 08,
1033 480 1078 503 110
1102 472 1244 512 pereat,
1273 479 1318 503 ne
1346 479 1386 503 se
1415 468 1607 502 doloribus
1632 468 1813 508 maccret3
1839 467 1944 499 taceo

327 530 512 573 graviora.

378 582 589 617 Wordenas.
615 583 709 616 Sunt
731 581 824 614 mihi
848 581 999 622 quidem
1022 579 1126 612 chari
1150 581 1338 621 parentes,
1365 579 1430 612 sed
1455 578 1604 611 charior
1629 577 1822 610 Christus:
1841 575 1948 608 cuius

326 640 386 672 hic
418 639 613 681 negocium
645 637 798 678 privatis
829 636 922 668 meis
954 635 1149 668 affectibus
1180 634 1471 676 praeferendum
1511 633 1619 665 duco.
1654 632 1732 674 Ego
1770 631 1947 672 parentes

327 703 429 727 mcos
447 694 525 726 Deo
542 692 640 734 patri
657 691 875 724 commendo
889 701 897 731 ς
915 689 993 722 11110
1011 689 1199 721 tutissima
1214 689 1305 730 ipsis
1322 698 1388 721 ara
1403 688 1530 726 fuerit,
1546 688 1592 720 ad
1606 695 1715 728 quam
1728 685 1950 728 confugiant

327 750 364 781 in
384 747 668 781 necessitatibus
685 746 775 778 suis.
794 745 925 786 Neque
943 745 1072 776 dubito
1090 744 1179 784 quin
1198 743 1312 776 Pater
1329 743 1491 785 optimus
1508 742 1672 784 benigne
1689 749 1771 774 eam
1788 739 1949 783 gratiam

326 803 544 845 parentibus
569 801 727 838 dederit,
753 802 794 833 ut
817 809 938 833 meam
962 799 1058 832 hanc
1082 799 1222 832 sortem
1246 799 1302 839 (ut
1325 798 1475 839 debent)
1504 797 1542 830 in
1571 796 1731 829 Domino
1759 794 1948 837 patienter

326 859 462 891 ferant.

371 912 600 955 Loverinqus
612 911 672 952 (2).
690 910 786 948 Quid
803 909 920 942 uxor?
938 918 1025 942 num
1042 907 1110 941 illa
1126 908 1194 940 tibi
1212 907 1318 941 sedet
1334 908 1483 940 animo?

377 966 593 1000 Wordenas.
613 966 731 998 Nemo
749 970 900 997 carnem
917 973 1022 996 suam
1046 972 1209 1004 unquam
1234 962 1319 995 odio
1344 961 1545 1003 habuit(3).
1571 960 1664 993 Amo
1691 968 1786 998 eam,
1811 959 1948 997 fateor,

327 1023 392 1056 sed
408 1022 446 1054 in
464 1021 641 1061 Domin03
661 1019 775 1053 alium
793 1028 958 1052 amorem
976 1027 1096 1059 neque
1113 1018 1195 1059 ipsa
1211 1016 1387 1059 postulat,
1407 1026 1528 1057 neque
1545 1015 1601 1049 illi
1619 1015 1750 1049 debeo.

373 1077 610 1118 Loverinyus.
641 1075 721 1118 Ego
753 1075 899 1116 opinor,
928 1083 1008 1106 rem
1033 1072 1150 1105 multo
1183 1072 1293 1105 aliter
1324 1071 1464 1104 habere
1496 1072 1607 1112 atque
1646 1071 1686 1103 tu
1725 1069 1831 1108 dicis,
1864 1077 1950 1102 nam

328 1132 465 1169 taedet,
492 1131 530 1163 ni
553 1129 677 1167 fallor,
705 1139 789 1162 cum
813 1129 893 1161 eius
918 1129 1065 1161 defecta
1089 1129 1211 1160 aetate
1235 1127 1466 1159 iuventutem
1486 1126 1588 1159 tuam
1605 1125 1829 1168 transigere.
1847 1123 1950 1162 Quae

327 1196 439 1220 031183
465 1187 534 1223 est,
563 1185 662 1226 quod
688 1184 785 1216 mori
810 1183 918 1216 malis
945 1184 983 1216 in
1012 1183 1082 1215 hac
1113 1185 1288 1224 correpta
1317 1181 1516 1223 religionis
1546 1180 1804 1222 persuasione,
1839 1187 1950 1220 quam

328 1242 373 1275 ad
391 1242 498 1274 triste
515 1239 721 1280 sterileque
737 1239 953 1281 coniugium
972 1240 1075 1270 tuum
1091 1238 1229 1270 redire.
1250 1237 1384 1269 Nonne
1400 1245 1480 1269 rem
1497 1236 1616 1277 ipsam
1633 1235 1734 1268 dixi?

377 1294 593 1329 Wordenas.
631 1294 784 1327 Minime
820 1293 1001 1336 gentium,
1035 1302 1055 1325 o
1091 1291 1296 1334 praeclare.
1336 1291 1417 1333 Ego
1453 1291 1553 1324 enim
1591 1290 1790 1332 coniugem
1828 1297 1950 1321 meam

327 1351 534 1393 amplector
556 1359 624 1392 pro
649 1349 722 1382 fide
747 1347 937 1390 coniugali
961 1348 1033 1389 ipsi
1051 1349 1088 1380 et
1105 1347 1191 1380 data
1207 1348 1245 1379 et
1260 1346 1408 1379 debita:
1429 1346 1509 1379 eius
1527 1354 1693 1378 amorem
1709 1344 1823 1378 etiam
1838 1342 1950 1376 facile

327 1415 502 1449 posuero,
535 1405 720 1446 siquidem
750 1404 804 1436 ita
833 1403 987 1436 iusserit
1018 1403 1212 1434 Dominus.
1245 1401 1331 1442 Ipse
1363 1401 1463 1434 enim
1495 1399 1665 1433 Christus
1697 1407 1806 1432 suum
1835 1397 1952 1441 negat

329 1460 565 1503 discipulum,
606 1460 669 1501 qui
700 1467 775 1491 non
809 1457 1008 1499 reliquerit
1038 1458 1184 1499 patrem
1216 1458 1254 1489 et
1287 1457 1459 1496 matrem,
1491 1464 1648 1488 uxorem
1683 1456 1722 1488 et
1755 1462 1880 1498 agrOS,
1913 1453 1952 1487 et

328 1518 506 1557 sequatur
522 1524 574 1548 se.

373 1571 597 1613 Louerinyus
612 1569 672 1611 (4).
701 1568 798 1606 Quid
822 1568 854 1600 si
878 1567 948 1600 hac
971 1568 1008 1600 te
1032 1567 1247 1608 captivitate
1271 1566 1543 1599 eximeremus?
1566 1575 1654 1598 num
1679 1564 1726 1598 ad
1749 1563 1950 1606 coniugem

326 1627 427 1659 tuam
444 1626 601 1661 redires,
620 1633 715 1664 quae
733 1623 801 1656 tibi
817 1623 962 1656 occasio
980 1622 1052 1654 fuit
1069 1622 1163 1654 tanti
1182 1621 1322 1654 doloris
1340 1630 1382 1653 ac
1397 1620 1559 1653 laboris?

376 1678 593 1711 Wordenas.
618 1676 714 1713 Quid
739 1676 777 1708 ni
800 1675 977 1713 redirem,
1003 1683 1086 1706 cum
1111 1674 1193 1715 ipsa
1216 1674 1264 1705 sit
1288 1683 1328 1705 os
1354 1673 1399 1706 de
1424 1673 1569 1705 ossibus
1593 1672 1699 1710 meis,
1725 1672 1764 1705 et
1791 1679 1878 1704 caro
1903 1670 1948 1704 de

326 1742 437 1766 carne
468 1732 574 1764 mea?
608 1731 738 1772 Neque
766 1731 823 1763 est
851 1730 963 1774 enim,
993 1737 1060 1761 cur
1091 1728 1148 1760 illi
1180 1728 1276 1760 hanc
1311 1737 1461 1761 crucem
1489 1729 1608 1765 feram
1640 1727 1842 1769 acceptam,
1873 1734 1948 1758 non

326 1788 446 1829 magis
464 1796 572 1827 quam
590 1785 761 1818 Christus
778 1785 877 1826 patri
895 1793 1000 1817 suam
1017 1784 1178 1816 mortem
1196 1784 1387 1824 acceptam
1404 1782 1502 1815 tulit.

371 1842 609 1884 Loverinyus.
644 1840 759 1878 Quid?
791 1849 838 1872 an
873 1848 968 1872 novo
1000 1839 1113 1871 etiam
1147 1838 1284 1880 gaudio
1318 1837 1519 1876 exhilares,
1557 1838 1588 1869 si
1623 1838 1660 1870 te
1695 1836 1754 1869 his
1788 1834 1948 1869 vinculis

326 1897 487 1931 solutum
506 1898 610 1930 abire
627 1895 795 1938 quolibet
811 1895 971 1928 liberum
988 1894 1226 1936 pateremur?

377 1952 592 1986 Wordenas.
623 1951 661 1984 Si
688 1950 877 1988 faceretis,
907 1959 981 1982 non
1006 1950 1105 1982 esset
1128 1949 1341 1991 ingratum:
1368 1957 1481 1990 porro
1506 1957 1590 1980 cum
1614 1956 1687 1980 non
1710 1946 1847 1986 facitis,
1872 1955 1948 1980 non

328 2018 484 2060 dejicior
512 2017 599 2050 hinc
623 2017 760 2050 animo.
786 2016 829 2049 In
855 2025 1002 2048 omnem
1027 2015 1204 2047 nimirum
1232 2015 1302 2047 Dei
1327 2014 1557 2047 voluntatem
1580 2023 1639 2047 me
1662 2013 1887 2047 versandum
1910 2012 1949 2046 et

327 2074 525 2106 rotandum
539 2073 669 2105 offero.

377 2127 614 2171 Louerinqus.
643 2126 740 2164 Quid
767 2127 799 2159 si
827 2134 985 2159 uxorem
1011 2124 1085 2158 huc
1113 2125 1370 2158 accersamus?
1402 2125 1558 2166 optesne
1588 2133 1672 2157 cum
1702 2123 1770 2157 illa
1800 2121 1943 2157 affatim

327 2182 511 2224 colloqui?
1244 2175 1248 2179 ’

377 2236 595 2271 W'ordenas.
613 2236 748 2278 Optem
765 2236 929 2277 quidem,
947 2235 979 2268 si
995 2235 1123 2277 posset
1139 2235 1373 2277 contingere.

370 2293 612 2336 Loverinyus.
632 2292 729 2324 Num
748 2292 784 2324 et
801 2290 966 2332 iugalem
982 2299 1066 2323 cum
1082 2289 1148 2322 illa
1165 2289 1335 2332 copulam
1352 2289 1449 2322 inire
1466 2289 1578 2331 iuvet,
1598 2289 1629 2322 si
1647 2289 1776 2322 detur‘.2
1790 2288 1836 2331 (5)

377 2346 592 2381 Wordenas.
612 2346 707 2388 Phy,
726 2346 963 2387 propudium.

375 2402 611 2444 Loverinyus.
631 2401 750 2439 Quid?

378 2456 592 2490 Wordenas.
612 2456 718 2494 Quod
734 2465 793 2489 me
810 2456 885 2488 tam
901 2455 1039 2497 ineptis
1056 2454 1338 2496 quaestionibus
1354 2454 1547 2496 fatigatis?

371 2589 418 2632 (1)
443 2589 488 2623 In
512 2589 709 2633 maryine:
734 2588 902 2622 Joannes
930 2589 1062 2622 Custos
1090 2597 1112 2621 3
1137 2587 1306 2622 Worden
1332 2587 1451 2630 patris
1477 2595 1613 2622 nomen
1640 2587 1698 2621 est
1722 2595 1731 2620 :
1761 2586 1825 2628 qui
1847 2585 1944 2620 hanc

779 2643 845 2686 filij
863 2645 1003 2677 sortem
1017 2644 1222 2677 fortissime
1240 2642 1338 2677 tulit.

369 2699 416 2743 (2)
505 2698 611 2733 Idem
700 2707 710 2733 t
734 2698 820 2732 Alia
837 2699 1007 2733 tentatio.

369 2754 416 2796 (3)
504 2753 610 2788 Idem
700 2763 708 2787 ε
734 2754 792 2787 Ad
807 2753 1005 2796 Ephesios,
1022 2754 1055 2787 5.

368 2809 415 2850 (4)
503 2808 609 2843 Idem
700 2818 708 2842 ε
735 2809 921 2843 Sathanae
937 2818 1055 2844 novae
1072 2808 1384 2853 oppugnationes.

369 2863 416 2905 (5)
505 2863 610 2899 Idem
699 2872 707 2897 :
735 2863 784 2899 Os
815 2865 1013 2907 impudens
1043 2865 1256 2898 tentatoris.
1289 2865 1372 2908 Phy
1410 2862 1610 2905 expuentis
1648 2862 1687 2896 in
1726 2862 1866 2897 terram
1903 2861 1942 2896 et

782 2919 1030 2955 abominantis
1046 2929 1118 2954 vox
1135 2921 1203 2954 est.
