2096 3481
802 214 938 249 ANNO
965 215 1047 248 1525
1676 214 1738 245 437

155 326 372 360 Wordenas.
392 325 509 364 Quid?
526 334 571 358 an
590 334 663 358 non
682 325 841 358 interest
859 325 1025 357 omnium
1043 324 1132 366 quid
1150 333 1264 366 super
1281 323 1369 356 fidei
1389 324 1539 356 nostrae
1564 322 1737 356 articulis

107 383 345 419 decernatur,
364 383 405 414 ut
421 382 522 414 totus
540 381 633 414 adeo
650 380 810 422 populus
829 389 942 422 super
959 390 1089 413 eorum
1108 379 1326 422 cognitione
1345 379 1568 412 advocetur?

150 436 406 471 Enchusanus.
433 436 523 474 Quis
548 436 583 468 in
609 436 794 477 ejusmodi
819 444 1025 477 congressu
1043 444 1241 468 censuram
1267 435 1337 467 sibi
1364 435 1576 476 usurparet,
1604 436 1641 467 et
1666 433 1740 466 liti-

108 494 240 536 gantes
256 493 382 534 partes
401 491 618 524 dirimeret?
636 500 724 523 num
741 491 924 523 cerdones
942 492 978 523 et
997 491 1223 531 carrucarii?

159 546 376 580 Wordenas.
402 546 480 579 Imo
506 554 710 578 consensus
736 545 892 577 astantis
918 545 1114 581 ecelesiae,
1141 554 1256 586 penes
1281 553 1392 585 quam
1417 543 1535 576 solam
1561 544 1618 577 est
1643 544 1737 576 iudi-

106 603 205 635 cium
230 602 509 644 scripturarum
528 601 565 633 et
580 600 880 642 prophetiarum,
901 609 974 632 non
999 609 1115 641 penes
1140 609 1255 632 unum
1280 601 1318 632 et
1343 599 1503 632 alterum
1529 599 1736 642 magisterij

108 657 217 691 titulo
234 657 496 690 reverendum.

151 711 408 746 Enchusanus.
438 711 597 747 Insanis,
629 712 775 752 opinor.
805 710 1001 743 Indoctum
1027 710 1127 744 enim
1152 710 1298 753 vulgus,
1326 719 1410 742 cum
1435 710 1574 742 iudicio
1599 710 1738 748 careat,

107 769 285 810 quidnam
303 768 348 800 de
366 776 407 800 re
425 766 641 809 theologica
659 767 752 799 bene
771 766 933 799 iudicet?

161 822 377 857 Wordenas.
396 821 498 860 Quae
523 822 617 854 istec
641 823 698 854 est
722 822 1011 864 tergiversatio?
1036 821 1149 860 Quasi
1175 831 1248 854 non
1266 822 1370 862 ipsae
1396 820 1614 862 Scripturae
1631 829 1739 852 suum

108 878 257 912 veritati
275 878 364 911 dent
381 877 601 919 suffragium
613 877 673 919 (l),
693 878 733 909 ut
751 877 794 909 ab
811 876 1001 909 illiteratis
1020 876 1163 918 aliquot
1181 876 1274 908 nihil
1293 877 1341 908 sit
1357 875 1517 917 periculi
1542 875 1739 907 universae

107 934 302 967 ecclesiae.
322 933 428 972 Quod
445 933 477 965 si
498 934 733 974 compertum
757 933 885 969 suerit,
912 941 970 965 me
995 941 1127 974 parum
1153 941 1310 973 syncere
1328 940 1370 964 ac
1388 930 1552 963 fideliter
1577 931 1739 962 tractare

108 989 321 1031 Scripturas
346 997 471 1021 sacras
484 988 546 1030 (2),
566 987 660 1020 nihil
685 987 913 1029 prohibebit,
935 988 1023 1028 quin
1048 997 1107 1020 me
1131 987 1229 1019 bono
1255 988 1337 1020 iure
1362 987 1407 1019 ad
1432 995 1567 1027 rogum
1591 985 1741 1026 rapiant

108 1054 249 1081 omnes,
276 1045 340 1077 aut
367 1046 469 1076 certe
498 1043 686 1084 lapidibus
716 1043 891 1075 obrutum
920 1052 988 1084 pro
1021 1043 1167 1075 meritis
1195 1043 1367 1084 perdant.
1398 1041 1436 1074 Si
1465 1042 1591 1074 autem
1619 1041 1740 1072 vietor

107 1108 275 1136 evasero,
294 1101 332 1132 et
348 1108 461 1131 causa
477 1108 536 1131 me
553 1099 789 1140 superiorem
809 1099 976 1131 iudicent
992 1097 1208 1139 populares,
1227 1098 1308 1139 ipse
1325 1106 1393 1138 pro
1411 1097 1516 1128 vobis
1535 1096 1680 1128 medius
1699 1105 1741 1127 ac

107 1156 337 1188 intercessor
361 1154 532 1191 existam,
553 1153 663 1186 et‘vel
683 1154 816 1194 medijS
833 1153 1012 1195 periculis
1031 1153 1195 1185 medium
1213 1162 1272 1185 me
1290 1153 1468 1193 iniJ'ciam,
1487 1151 1612 1193 potius
1631 1159 1742 1191 quam

107 1211 242 1253 patiar,
276 1210 317 1243 ut
343 1209 401 1242 vel
434 1219 508 1242 uno
541 1209 702 1251 digitulo
732 1209 928 1250 quisquam
961 1210 997 1241 te
1029 1209 1236 1250 contingat.
1265 1208 1362 1240 Satis
1391 1208 1491 1240 enim
1520 1206 1597 1238 illic
1626 1206 1743 1238 fuerit

107 1266 280 1308 plausum
304 1265 453 1298 dedisse
477 1264 647 1306 prolatae
672 1265 835 1299 veritati,
866 1273 1079 1305 quanquam
1111 1273 1185 1295 non
1218 1265 1275 1296 est
1304 1263 1403 1304 quod
1431 1262 1608 1295 metuatis
1636 1261 1741 1293 vobis

108 1331 130 1354 a
145 1322 274 1354 furore
291 1319 421 1362 populi
440 1329 524 1352 cum
542 1322 617 1352 tam
635 1319 851 1361 diplomatis
870 1328 980 1360 quam
998 1328 1109 1351 manu
1129 1318 1300 1352 Caesaris
1318 1318 1452 1350 armati
1470 1317 1564 1349 sitis.

151 1376 363 1411 Montanus.
384 1376 461 1409 Nos
487 1384 533 1408 ne
556 1376 602 1407 ad
627 1374 744 1407 latum
770 1374 919 1415 quidem
942 1374 1076 1415 pedem
1093 1373 1264 1406 volumus
1283 1383 1303 1405 a
1320 1374 1395 1405 ritu
1412 1373 1606 1405 Romanae
1624 1371 1741 1404 cccle-

107 1433 184 1465 siae
214 1432 420 1465 discedere.
447 1432 620 1472 Aequum
649 1431 706 1463 est
734 1430 846 1469 enim,
873 1431 914 1462 ut
939 1428 1099 1471 populus
1128 1428 1302 1470 simplex,
1330 1437 1477 1460 crassus
1506 1429 1544 1460 et
1568 1427 1740 1459 indoctus

107 1488 318 1520 doctiorum
347 1487 544 1527 sententijs
573 1486 611 1518 et
638 1485 905 1518 ecclesiasticis
935 1484 1104 1517 censuris
1134 1493 1271 1517 nomen
1304 1484 1379 1520 det,
1405 1483 1531 1524 potins
1561 1491 1672 1523 quam
1703 1483 1743 1514 ut

107 1543 280 1576 doctores
298 1543 335 1575 et
352 1542 535 1575 ecelesiae
552 1541 739 1582 primores
758 1541 802 1573 de
820 1540 973 1573 illorum
991 1541 1083 1573 nutu
1102 1549 1143 1572 ac
1160 1540 1297 1572 renutu
1315 1539 1517 1580 pendeant.
1547 1570 1553 1576 ,

156 1596 376 1631 IVordenas.
406 1597 516 1630 Certe
556 1596 626 1628 hac
665 1596 812 1628 ratione
853 1604 896 1628 ae
927 1595 988 1627 via
1027 1595 1313 1636 inquisitionem
1352 1594 1515 1626 vestram
1552 1601 1742 1633 nunquam

105 1654 273 1687 reddetis
301 1652 562 1691 illustriorem,
590 1660 658 1684 nec
683 1651 862 1684 haereses
890 1650 987 1683 ullas
1016 1650 1309 1692 extirpaveritis.
1340 1650 1436 1682 Nam
1464 1648 1741 1681 clancularibus

105 1710 187 1742 istis
219 1708 550 1750 disputationibus,
583 1707 718 1748 quibus
750 1707 930 1739 virtutem
970 1707 1088 1748 ipsam
1124 1705 1348 1747 opprimitis,
1382 1706 1420 1737 et
1454 1712 1659 1746 pauperem
1703 1703 1740 1735 in

105 1764 324 1797 abscondito
342 1763 544 1800 devoratis,
562 1762 702 1804 populo
722 1771 767 1795 ne
787 1762 957 1803 utiquam
981 1761 1224 1794 satisfacietis
1243 1770 1250 1792 :
1271 1761 1335 1801 qui
1360 1760 1473 1792 etiam
1499 1760 1604 1801 cupit
1627 1759 1672 1791 de
1697 1767 1742 1791 ea

105 1829 218 1853 eausa
241 1827 484 1862 cognoscere,
512 1827 607 1859 quae
631 1818 733 1859 ipsos
758 1818 864 1850 iuxta
888 1817 1059 1854 attineat,
1079 1816 1152 1849 nisi
1174 1825 1263 1849 vere
1287 1816 1325 1848 id
1350 1815 1481 1848 audire
1506 1824 1549 1847 ae
1573 1814 1619 1847 de
1635 1813 1741 1846 vobis

105 1875 317 1917 praedicari
334 1873 416 1907 leve
435 1875 491 1907 est
511 1883 518 1905 :
540 1887 554 1900 ιι
575 1873 646 1911 Qui
663 1872 761 1906 male
779 1873 870 1915 agit,
890 1872 969 1904 odit
986 1871 1108 1905 lucem
1122 1871 1184 1913 (3).
1204 1887 1219 1899 „

150 1930 364 1964 Montanus.
384 1929 488 1962 Laici
506 1929 551 1961 ad
569 1928 863 1970 disputationem
881 1929 926 1960 de
945 1928 1018 1961 tide
1037 1937 1110 1959 non
1129 1927 1392 1963 admittuntur,
1412 1926 1500 1966 quia
1518 1926 1564 1957 ad
1587 1925 1742 1957 ereden-

107 1987 195 2019 dum
211 1985 343 2019 faciles
360 1987 447 2018 sunt
464 1986 502 2018 et
519 1994 615 2017 nova
637 1984 800 2018 libenter
824 1984 992 2017 audiunt.
1014 1983 1151 2021 Quare,
1170 1993 1254 2016 cum
1280 1983 1437 2015 audiunt
1460 1992 1524 2014 vos
1550 1981 1741 2014 Christum

106 2041 246 2075 habere
270 2041 308 2073 in
332 2050 397 2073 ore
415 2042 453 2073 et
478 2040 691 2082 Scripturas
716 2049 842 2072 sacras
866 2039 1070 2077 inculcare,
1097 2048 1189 2080 quas
1215 2039 1392 2079 torquere
1418 2037 1540 2070 solent
1557 2036 1741 2069 haeretici

106 2098 152 2130 ad
169 2105 277 2129 suum
294 2105 458 2134 sensum,
475 2097 552 2128 tum
570 2096 696 2128 statim
714 2095 819 2127 vobis
837 2095 948 2127 fidem
966 2094 1163 2131 haberent,
1180 2094 1218 2127 et
1233 2092 1445 2135 periculum
1463 2093 1563 2125 esset
1581 2101 1626 2124 ne
1645 2100 1741 2123 nova

104 2151 230 2193 aliqua
246 2150 440 2184 calamitas
458 2151 522 2183 aut
538 2150 674 2183 seditio
693 2150 730 2182 in
745 2149 941 2191 republica
958 2149 1137 2181 oriretur.
1153 2147 1336 2189 Exemplo
1356 2147 1463 2180 nobis
1480 2148 1537 2180 est
1553 2146 1740 2188 pessimus

103 2206 169 2239 ille
200 2206 469 2239 haeresiarcha
499 2206 634 2238 Arrius
659 2205 720 2247 (4),
755 2206 818 2246 qui
851 2206 906 2237 tot
938 2205 1081 2237 animas
1118 2213 1185 2236 suo
1222 2203 1321 2235 dulci
1354 2211 1498 2235 veneno
1537 2210 1740 2243 pravorum

104 2262 322 2305 dogmatum
353 2261 513 2294 infectas
544 2261 723 2302 perdidit,
753 2270 837 2293 cum
867 2260 1081 2301 Scripturas
1110 2259 1224 2292 etiam
1254 2268 1321 2300 pro
1354 2268 1393 2290 se
1427 2257 1643 2295 adduceret,
1674 2257 1740 2289 sed

104 2317 318 2359 depravate.
338 2317 449 2349 Hunc
463 2317 494 2349 si
510 2317 632 2357 primo
651 2316 744 2348 adeo
762 2316 872 2357 partu
894 2315 1044 2357 ignibus
1061 2314 1315 2356 perdidissent
1334 2313 1496 2345 maiores
1516 2312 1647 2349 nostri,
1665 2321 1738 2343 non

103 2372 234 2405 fuisset
250 2373 354 2405 tanta
370 2371 564 2404 calamitas
582 2373 714 2412 postea
732 2371 862 2403 exorta
882 2371 918 2402 in
938 2369 1111 2402 ecclesia.

154 2426 370 2462 Wordenas.
389 2427 523 2467 Iniqua
539 2426 650 2468 plane
669 2427 726 2459 cst
742 2426 895 2458 collatio
913 2425 1098 2458 Arrianae
1122 2425 1306 2466 perfidiae
1325 2424 1370 2456 ad
1390 2424 1555 2455 nostram
1573 2432 1737 2455 causam.

104 2483 181 2516 Nos
213 2483 313 2516 enim
345 2483 512 2515 contenti
545 2482 789 2524 proposuisse
821 2481 1049 2513 sententiam
1079 2481 1259 2517 nostram,
1290 2481 1327 2511 et
1359 2488 1442 2511 eam
1478 2478 1739 2510 confirmatam

105 2538 309 2580 scripturis
327 2537 545 2570 submisisse
565 2537 748 2570 ecclesiae
763 2546 849 2569 vere
867 2535 1076 2568 catholicae
1095 2535 1248 2571 iudicio,
1265 2535 1453 2567 neminem
1479 2537 1519 2565 ut
1545 2533 1738 2565 nobiscum

103 2594 253 2633 sentiat,
287 2594 469 2636 cogimus.
499 2593 614 2634 Atqui
646 2592 792 2631 Arrius,
824 2592 929 2624 cuius
961 2601 1026 2623 vos
1061 2590 1276 2632 exemplum
1309 2591 1489 2622 strennue
1522 2588 1735 2623 imitamini,

147 2759 194 2800 (l)
218 2757 263 2792 In
287 2760 460 2801 mar-yine
479 2769 486 2791 z
507 2758 637 2792 Prima
654 2758 700 2790 ad
718 2757 973 2794 Corinthinos,
995 2757 1047 2789 14.

146 2815 194 2856 (2)
284 2813 390 2848 Idem
481 2824 488 2846 :
509 2813 612 2847 Nihil
631 2813 770 2853 egeris,
791 2813 1016 2846 KVordenas.

147 2870 194 2911 (3)
284 2868 389 2902 Idem
481 2879 488 2902 :
509 2869 579 2908 Qui
597 2867 694 2901 male
713 2868 804 2910 agit,
825 2868 903 2900 odit
919 2867 1054 2901 lucem.
1073 2867 1199 2905 Joan.,
1218 2866 1250 2899 3.

146 2925 195 2966 (4)
285 2923 390 2959 Idem
482 2934 488 2957 :
509 2924 607 2966 Arrij
627 2924 854 2965 exemplum.
