2096 3481
809 220 945 254 ANNO
973 221 1055 253 1525
1684 224 1747 256 447

820 358 890 391 Pio
915 358 1054 391 lectori.

159 455 262 489 Haec
279 457 341 489 ubi
359 457 512 495 audivit,
539 457 662 490 avolat
687 457 785 489 intro
804 458 848 490 ad
868 458 1133 498 inquisitorum
1157 467 1374 491 consessum
1400 458 1510 491 homo
1533 459 1743 501 hypocrita,

114 512 346 546 Wordonate
379 515 506 545 nostro
540 514 576 545 in
610 512 777 545 conclavi
810 513 956 545 relicto.
992 513 1061 551 Qui
1090 522 1173 545 cum
1203 512 1419 554 aliquandiu
1449 514 1499 545 ibi
1528 514 1629 547 solus
1658 515 1742 548 sub-

113 567 286 605 sedisset,
320 569 523 609 expectans
564 568 764 600 tentatoris
799 568 857 600 sui
896 568 1072 605 reditum,
1107 568 1255 601 tandein
1294 570 1331 601 et
1366 569 1444 610 ipse
1482 579 1552 601 non
1590 571 1742 602 vocatus

112 631 329 656 consessum
347 623 571 665 ingreditur.
591 623 647 655 Ibi
666 622 822 655 offendit
847 622 1080 664 hypocritam
1106 622 1285 655 crocodili
1304 622 1506 665 lachrymis
1523 625 1576 665 (ut
1594 625 1742 667 opinor)

111 677 347 719 desperatam
364 678 541 719 martyris
560 678 678 710 nostri
697 677 854 710 salutem
870 677 1149 710 lamentantem.
1169 678 1215 710 Ut
1228 678 1346 720 igitur
1363 678 1512 716 assedit,
1530 688 1741 720 quanquam

106 732 284 772 iniussus,
310 732 536 766 Enchusano
562 732 774 774 lachrymas
800 733 844 765 ab
871 732 1064 766 oculorum
1090 732 1233 765 sinibus
1253 733 1506 775 abstergente,
1526 734 1741 775 pressisque

105 786 271 820 vultibus
302 787 460 828 reliquis
495 787 594 820 hunc
626 787 871 826 intuentibus,
908 790 1067 830 rogatur
1098 797 1119 820 a
1153 788 1326 829 praeside
1363 787 1640 828 Mechliniensi,
1675 790 1739 830 qui

105 843 277 884 coeptam
295 842 579 883 inquisitionem
597 843 635 875 in
654 843 752 875 hunc
770 843 921 875 modum
939 844 995 876 est
1011 844 1234 884 prosecutus
1254 853 1261 874 :

151 897 392 940 Loverinyus.
411 898 528 936 Quid?
546 899 791 931 confessusne
811 899 874 931 es?

161 951 379 986 IVordenas.
401 952 502 985 Sum.

153 1007 390 1051 Loverz‘nqzcs.
412 1008 459 1041 Et
476 1008 695 1041 absolutus?

158 1063 366 1097 Wordenas
397 1063 493 1096 Non.

153 1117 393 1163 Lovem'nyus.
412 1118 508 1156 Quid
528 1119 626 1151 non?

156 1172 374 1207 Wordenas.
393 1173 488 1212 Quia
512 1174 573 1207 hic
590 1183 695 1207 meus
713 1183 733 1207 a
749 1174 1049 1208 confessionibus
1075 1174 1350 1218 dedignabatur
1374 1176 1568 1211 confitenti
1585 1186 1736 1211 manum

104 1228 314 1270 imponere.

149 1283 389 1327 Louerinyas.
433 1284 529 1323 Quid
565 1294 699 1318 causae
732 1286 800 1324 est,
836 1285 986 1319 domine
1022 1286 1204 1329 magister
1235 1288 1376 1325 noster,
1411 1288 1509 1328 quod
1548 1288 1739 1322 hominem

104 1339 204 1372 hunc
222 1349 295 1372 non
313 1339 542 1373 absolveris?

147 1393 407 1428 Enchusanzcs.
426 1394 522 1433 Quia
539 1395 660 1427 noluit
675 1395 748 1428 rite
762 1395 810 1437 (l)
827 1395 1012 1428 confiteri.
1040 1395 1082 1428 In
1107 1405 1248 1439 genere
1266 1397 1365 1429 enim
1392 1398 1535 1430 tantum
1554 1399 1736 1439 quaedam

105 1449 278 1488 effutivit,
299 1449 455 1483 eludens
470 1450 591 1492 magis
605 1459 715 1491 quam
728 1449 911 1492 religiose
929 1450 1056 1483 colens
1074 1451 1279 1484 confitendi
1296 1451 1411 1484 ritum
1427 1461 1434 1484 :
1454 1453 1517 1492 qui
1534 1451 1737 1486 haereticis

104 1505 188 1537 istis
205 1514 286 1537 mos
303 1506 373 1538 est.

147 1558 390 1602 Loverinyus.
425 1558 546 1597 Quid?
578 1560 699 1592 nescis
732 1560 799 1592 tibi
831 1559 1068 1592 moriendum
1101 1561 1206 1593 esse?
1238 1570 1311 1593 non
1341 1561 1447 1594 audis
1475 1561 1636 1603 capitale
1670 1562 1737 1594 tibi

103 1614 329 1657 supplicium
354 1615 573 1647 imminere?
598 1615 694 1653 Quin
724 1615 916 1648 confiteris
944 1624 1049 1657 ergo,
1081 1616 1394 1657 quemadmodum
1423 1616 1483 1658 alij
1515 1617 1736 1650 christiani?

153 1669 370 1704 Wordenas.
404 1670 606 1704 Confessus
637 1680 732 1709 sum,
766 1671 831 1703 sed
862 1669 924 1703 Illi
956 1671 1019 1711 qui
1052 1671 1350 1714 exomologesim
1380 1681 1502 1705 meam
1534 1673 1736 1716 benignius

104 1726 246 1768 excipit
263 1734 374 1767 quam
391 1725 453 1757 hic
470 1725 596 1758 homo.

144 1780 389 1825 Loverinyus.
409 1780 555 1814 Siccine
572 1781 782 1814 contemnis
801 1780 1098 1814 absolutionem?

151 1834 366 1870 Wordenas.
394 1836 478 1868 Non
504 1836 586 1869 dico
611 1846 670 1869 me
696 1837 937 1869 contemnere
969 1836 1197 1870 christianae
1230 1837 1412 1871 ecclesiae
1441 1838 1731 1877 absolutionem,

103 1900 214 1933 quam
231 1892 321 1924 dare
339 1892 542 1934 deneganti
561 1892 711 1932 quinam
730 1892 835 1933 potui
853 1893 1104 1932 extorquere?

147 1947 391 1990 Louerinyus.
412 1946 502 1985 Quis
520 1955 612 1989 ergo
630 1949 790 1979 mortem
809 1947 957 1979 adituro
975 1947 1043 1979 tibi
1059 1948 1214 1989 peccata
1229 1949 1423 1982 remittet?

152 2001 370 2035 Wordenas.
388 2002 519 2044 Agnus
536 2001 601 2035 ille
620 2002 703 2038 Dei,
723 2002 786 2042 qui
804 2001 903 2034 tollit
920 2003 1075 2044 peccata
1090 2003 1234 2035 mundi.

146 2057 389 2101 Loverinyus.
409 2057 506 2095 Quid
525 2058 684 2099 agimus,
703 2057 846 2089 domini
863 2058 949 2095 mei,
969 2057 1058 2098 quid
1076 2058 1248 2100 agimus?

146 2112 362 2147 Montanus.
376 2112 604 2155 Prodigiosa
620 2112 712 2145 mihi
729 2121 790 2145 res
808 2113 876 2151 est,
892 2121 1104 2153 quenquam
1121 2112 1336 2146 mortalium
1351 2114 1547 2156 tantopere
1563 2115 1734 2149 indurari

100 2177 223 2210 posse.

143 2222 415 2258 Rosemundus.
437 2224 521 2256 Non
539 2223 596 2256 est
613 2223 658 2256 de
677 2222 747 2255 hoc
766 2223 904 2256 misero
922 2222 1073 2256 homine
1089 2232 1174 2265 spes
1196 2223 1343 2265 reliqua
1359 2223 1504 2258 salutis.

145 2278 384 2321 [πενίη-ρας.
417 2278 536 2317 Quid?
565 2279 718 2311 tantone
746 2278 845 2311 vitae
874 2278 984 2310 huius
1013 2278 1137 2311 taedio
1167 2279 1320 2318 teneris,
1353 2280 1394 2312 ut
1421 2280 1489 2313 tibi
1517 2290 1619 2313 mors
1651 2281 1734 2323 ipsa

99 2332 171 2367 hac
187 2334 263 2366 vita
280 2335 343 2366 tua
360 2334 409 2366 sit
426 2333 653 2376 optabilior?

151 2387 370 2423 PVordenas.
389 2389 560 2422 Christus
578 2398 683 2421 meus
701 2387 770 2421 hac
787 2397 871 2421 mea
887 2389 964 2421 vita
980 2388 1073 2421 mihi
1090 2388 1242 2422 charior
1259 2390 1327 2422 est.

143 2444 386 2488 Loverinyus.
418 2443 502 2476 Non
528 2443 670 2477 teneris
699 2452 827 2476 amore
850 2444 1064 2484 parentum,
1094 2453 1162 2477 nec
1186 2444 1355 2486 tangeris
1379 2444 1456 2478 ullo
1482 2446 1613 2479 matris
1637 2447 1733 2480 desi·

101 2499 231 2532 derio?

150 2553 364 2589 Wordenas.
385 2553 480 2593 Quid
500 2555 560 2587 ni?
578 2554 690 2587 homo
709 2564 803 2592 sum,
822 2553 977 2587 humani
995 2553 1089 2587 nihil
1107 2555 1164 2588 est
1180 2563 1202 2588 a
1218 2563 1277 2588 me
1295 2554 1473 2589 alienum.

142 2609 380 2653 Loverinqus.
414 2610 458 2643 Id
494 2612 618 2643 tamen
655 2620 728 2642 non
761 2610 921 2649 videtur,
960 2610 1107 2651 quando
1140 2611 1216 2643 tam
1250 2609 1343 2644 levis
1383 2611 1452 2644 tibi
1487 2611 1545 2645 est
1579 2611 1731 2646 illorum

99 2664 312 2707 calamitas3
339 2667 377 2699 et
400 2665 564 2699 erudelis
582 2666 632 2698 sis
651 2667 813 2708 oportet,
833 2666 896 2707 qui
920 2664 990 2699 hac
1007 2666 1070 2698 tua
1087 2666 1297 2708 pertinacia
1313 2667 1549 2700 occasionem
1570 2668 1732 2702 fortasse

98 2721 317 2764 parentibus
346 2721 508 2767 dederis,
535 2723 575 2754 ut
602 2720 659 2755 vcl
691 2721 737 2754 ad
765 2721 931 2755 inediam
954 2720 1013 2755 vel
1037 2721 1084 2755 ad
1112 2721 1287 2763 laqueum
1314 2721 1528 2766 adigantur.
1559 2722 1655 2756 Nam
1683 2731 1731 2757 ne

144 2906 191 2951 (l)
216 2908 259 2944 In
285 2911 457 2954 marqine
475 2920 483 2945 :
502 2909 605 2949 Rite,
625 2911 661 2944 id
679 2911 736 2945 est
753 2911 799 2944 ad
818 2919 960 2946 morem
977 2911 1215 2955 papisticum.
