2096 3481
811 246 948 280 ANNO
976 247 1059 280 1523
1698 248 1762 282 187

174 356 361 390 Adrianus
390 355 600 397 episcopus,
631 364 760 388 servus
785 364 980 388 servorum
1009 357 1090 394 Dci,
1119 356 1256 389 dilecto
1286 356 1364 389 11110
1394 357 1595 391 Francisco
1628 359 1771 392 vander

130 411 254 450 Hulst‚
273 411 311 443 111
330 413 489 452 utroque
506 412 590 451 jure
608 410 814 448 licentiam,
835 410 995 443 salutem
1012 414 1049 443 et
1067 411 1313 452 apostolicam
1331 412 1648 446 benedictionem.

173 466 367 500 Romanus
394 467 578 508 pontifex,
603 475 713 499 verus
742 465 883 499 Christi
911 466 1086 504 vicarius,
1130 467 1291 500 salutem
1331 476 1492 508 querens
1521 470 1559 501 et
1591 470 1772 511 appetens

128 518 365 561 singulorum
397 520 435 551 et
466 519 668 560 presertim
686 528 830 556 eorum,
851 519 916 559 qui
939 527 961 550 a
984 519 1045 551 via
1072 520 1242 551 veritatis
1270 520 1307 552 et
1324 521 1428 552 recto
1447 521 1597 553 tramite
1622 522 1772 555 aberra-

126 576 227 612 runt,
255 573 322 606 illa
338 582 527 614 propensa
545 573 820 606 deliberatione
849 573 1054 605 salubriter
1080 574 1229 606 ordinat
1254 576 1292 606 et
1321 575 1498 616 disponit,
1517 585 1585 617 per
1603 586 1674 617 que
1699 577 1771 619 ipsi

126 629 297 661 errantes
321 628 547 670 resipiscant
574 629 623 666 et,
643 637 727 660 cum
754 628 998 669 resipuerint,
1026 629 1063 660 in
1083 628 1180 661 111105
1199 629 1384 662 catholice
1409 629 1581 669 ecclesie,
1598 640 1669 672 que
1687 641 1771 674 gre-

126 684 243 717 mium
268 692 334 717 sue
361 683 513 725 pietatis
539 692 612 715 non
646 683 810 725 denegat
836 683 1129 724 postulantibuS,
1148 684 1404 725 recipiantur;
1435 685 1604 726 quivero
1621 687 1661 719 in
1692 688 1770 720 suis

126 739 317 772 erroribus
357 739 570 780 pertinaces
598 738 765 776 suerunt,
811 738 938 770 debita
970 738 1295 772 animadversione
1323 740 1569 782 castigentur,
1611 751 1770 783 cumque

123 802 306 836 personas
331 794 451 826 Deum
469 793 645 826 timentes
663 794 701 826 et
724 792 817 825 alias
842 792 950 832 tales,
972 802 1133 834 quarum
1151 803 1267 836 opera
1291 795 1329 827 et
1363 795 1563 838 diligentia
1585 797 1771 838 premissa

123 849 287 890 prestari
299 857 411 890 posse
435 848 629 890 perspicit,
645 847 734 881 licet
751 847 911 890 alicujus
929 849 1211 881 constitutionis
1228 849 1335 892 rigor
1352 849 1444 883 alias
1463 850 1614 884 obstare
1647 852 1771 885 videa-

125 905 200 943 tur,
218 904 382 937 libenter
404 903 462 936 1111
487 904 706 946 derogando
734 912 916 945 personas
944 904 1131 936 eiusmodi
1158 904 1205 937 ad
1245 904 1336 938 talia
1362 905 1425 947 pia
1448 906 1631 939 exercitia
1657 907 1769 948 atque

123 959 337 992 ministeria
352 959 502 1000 preficit
519 968 562 991 ac
579 959 790 1000 promovet,

170 1013 267 1047 Sane
284 1024 359 1047 non
377 1014 458 1046 sine
483 1014 599 1046 animi
627 1014 748 1046 nostri
776 1015 952 1057 angustia
980 1016 1018 1048 et
1052 1017 1204 1048 'merore
1222 1015 1355 1048 diebus
1390 1015 1528 1058 elapsis
1542 1017 1767 1059 accepimus,

125 1069 239 1111 quod,
265 1069 355 1102 licet
370 1069 493 1102 felicis
521 1069 797 1102 recordationis
827 1070 904 1102 Leo
932 1079 1030 1112 papa
1058 1070 1105 1109 X,
1131 1071 1379 1112 predecessor
1407 1073 1536 1104 noster
1567 1072 1769 1105 nonnullos

125 1133 277 1158 errores
290 1133 359 1166 per
373 1125 584 1165 iniquitatis
601 1124 721 1157 filium
740 1125 945 1158 Martinam
962 1126 1090 1164 Luter,
1110 1126 1267 1167 impium
1293 1127 1330 1158 et
1357 1127 1613 1168 perniciosum
1630 1127 1769 1160 hereti-

125 1189 211 1213 cum
227 1180 266 1212 in
279 1180 474 1221 provincia
489 1179 686 1213 Alemanie
700 1189 742 1212 ac
755 1180 886 1212 inclita
904 1181 1055 1224 natione
1069 1181 1304 1220 Germanica,
1320 1181 1475 1214 humani
1489 1183 1640 1224 generis
1659 1183 1769 1238 hoste

125 1236 369 1278 suggerente,
400 1235 600 1268 suscitatos
626 1236 664 1268 et
692 1236 909 1274 seminatos,
944 1245 1028 1268 cum
1057 1237 1205 1269 matura
1236 1236 1511 1270 deliberatione
1540 1239 1578 1270 et
1604 1239 1766 1271 fratrum

126 1299 280 1323 suorum
294 1299 336 1322 ac
353 1290 514 1323 aliorum
531 1291 741 1332 peritorum
759 1290 929 1330 consilio,
950 1291 1174 1324 auctoritate
1192 1292 1462 1333 omnipotentis
1491 1293 1562 1325 Dei
1589 1295 1627 1326 et
1643 1293 1768 1326 beato-

126 1355 211 1378 rum
229 1346 335 1379 Petri
352 1347 391 1378 et
406 1345 518 1378 Pauli
546 1345 804 1387 apostolorum
821 1346 914 1387 ejus,
935 1347 1113 1387 tanquam
1136 1347 1346 1388 respective
1364 1347 1567 1387 hereticos,
1585 1348 1766 1381 schanda-

124 1400 238 1439 losos,
257 1400 373 1433 falsos
401 1410 442 1434 ac
460 1401 608 1443 piarum
625 1401 773 1433 aurium
787 1402 988 1434 offensivos
1016 1401 1074 1434 vel
1093 1402 1320 1443 simplicium
1344 1403 1527 1436 mentium
1551 1404 1764 1436 seductivos

124 1458 162 1489 et
177 1456 328 1489 veritati
342 1456 526 1489 catholice
545 1456 739 1489 obviantes
752 1465 821 1498 per
839 1457 1018 1497 quasdam
1036 1466 1122 1489 suas
1152 1456 1300 1490 litteras
1319 1458 1564 1497 damnaverit,
1586 1459 1764 1500 reproba-

118 1511 217 1544 verit
229 1512 340 1552 atque
359 1512 510 1544 omnino
528 1511 707 1552 rejecerit
723 1513 761 1544 et
776 1521 845 1553 pro
865 1512 1061 1550 damnatis,
1076 1513 1289 1553 reprobatis
1308 1515 1345 1545 et
1357 1514 1511 1555 rejectis
1526 1514 1570 1546 ab
1586 1514 1764 1546 omnibus

122 1566 320 1607 utriusque
352 1576 464 1600 sexus
493 1566 633 1599 Christi
661 1566 836 1599 fidelibus
864 1566 1005 1600 habere
1037 1568 1175 1600 debere
1204 1568 1429 1607 decreverit,
1461 1571 1574 1610 prout
1600 1569 1639 1601 in
1671 1569 1763 1610 ipsis

121 1621 273 1659 litteris,
293 1631 384 1663 quas
398 1623 436 1654 111
464 1621 540 1654 11115
553 1621 725 1662 partibus
750 1631 793 1654 ac
817 1622 1043 1663 ubicumque
1068 1622 1238 1655 locorum
1265 1623 1451 1664 publicari
1468 1623 1599 1662 voluit,
1613 1623 1763 1666 plenius

120 1678 349 1716 continetur,
365 1678 519 1719 ipseque
534 1678 673 1717 littere,
704 1678 746 1710 ut
762 1686 783 1710 a
800 1678 1002 1720 fidedignis
1020 1678 1232 1719 accepimus
1247 1680 1285 1711 et
1308 1679 1346 1711 in
1367 1680 1475 1720 parte
1493 1679 1607 1712 etiam
1620 1680 1707 1713 dum
1723 1680 1763 1712 in

121 1733 333 1766 minoribus
351 1733 548 1766 constituti
573 1734 671 1775 apud
696 1733 884 1774 Hispanos
903 1742 1069 1765 essemus
1083 1734 1256 1772 vidimus,
1286 1734 1325 1766 in
1351 1734 1524 1767 omnibus
1542 1734 1764 1767 christiano-

120 1797 206 1821 rum
222 1788 393 1830 partibus
412 1788 601 1829 publicato
618 1789 785 1827 fuerunt,
811 1788 865 1820 ita
878 1789 918 1820 ut
932 1788 978 1820 ad
1005 1789 1124 1830 ipsius
1142 1789 1297 1821 Martini
1314 1789 1474 1822 heretici
1491 1790 1648 1830 eiusque
1665 1799 1763 1822 com-

121 1843 277 1885 plicium
302 1845 340 1877 et
364 1844 581 1884 sequacium
609 1853 650 1876 ac
675 1844 866 1876 fautorum
895 1844 932 1876 et
956 1844 991 1876 ei
1016 1844 1280 1877 adherentium
1298 1844 1555 1877 hereticorum
1584 1845 1763 1878 noticiam

122 1899 318 1932 devenisse
336 1898 440 1931 nullo
454 1899 564 1931 modo
584 1899 831 1931 dubitandum
848 1899 897 1931 sit
914 1899 951 1931 et
968 1899 1040 1940 ipsi
1058 1899 1102 1931 ab
1121 1899 1337 1941 hujusmodi
1356 1900 1551 1932 erroribus
1584 1901 1762 1941 tanquam

117 1954 311 1996 pestiferis
329 1956 366 1986 et
385 1954 716 1995 perniciosissimis
735 1964 776 1986 ac
801 1953 1031 1986 scandalosis
1049 1963 1089 1987 se
1114 1955 1305 1988 abstinere
1323 1958 1372 1993 et,
1393 1956 1424 1987 si
1449 1955 1661 1988 animarum
1679 1965 1763 1988 sua-

117 2018 202 2042 rum
231 2008 392 2041 salutem
420 2009 710 2047 desiderassent,
731 2009 876 2051 gremio
902 2009 1088 2042 catholice
1102 2011 1140 2041 et
1164 2009 1389 2042 universalis
1407 2010 1567 2043 ecclesie
1585 2020 1625 2043 se
1643 2011 1762 2043 incor-

119 2073 257 2106 porare
294 2073 439 2097 necnon
467 2065 637 2106 ejusdem
665 2064 825 2097 ecclesie
854 2064 967 2097 fidem
990 2065 1180 2107 integram
1197 2074 1349 2098 servare
1378 2065 1534 2107 eiusque
1559 2075 1665 2098 sacra
1678 2076 1762 2108 pre-

119 2121 228 2161 cepta
251 2121 381 2152 tenere
410 2119 640 2152 debuissent.
671 2118 941 2158 Nihilominus,
960 2118 1057 2160 proh
1083 2119 1208 2152 dolor!
1230 2120 1320 2152 dicti
1349 2120 1504 2153 Martini
1535 2120 1684 2153 insania
1715 2129 1760 2153 eo

118 2183 236 2216 usque
252 2183 457 2217 progressa
474 2175 542 2213 est,
562 2175 604 2206 ut
627 2174 659 2206 is
677 2175 817 2206 statum
834 2183 984 2207 omnem
1009 2173 1307 2207 ecclesiasticum
1325 2175 1546 2208 subvertere
1564 2175 1674 2208 nixus
1697 2175 1758 2215 sit,

117 2231 363 2273 presbyteros
381 2231 572 2264 seculares
600 2232 638 2263 et
664 2230 862 2273 regulares
880 2230 1048 2271 aliasque
1073 2230 1349 2263 ecclesiasticas
1366 2231 1404 2263 in
1428 2231 1546 2264 sacris
1564 2231 1760 2264 ordinibus

117 2286 341 2319 constitutas
358 2295 543 2327 personas
571 2286 618 2318 ad
649 2286 892 2318 matrimonia
923 2285 1082 2324 laicalia,
1103 2295 1125 2318 a
1141 2286 1276 2327 quibus
1308 2295 1373 2319 005
1398 2286 1550 2318 0111111110
1569 2286 1760 2320 abstinere

118 2351 224 2375 sacre
249 2343 287 2374 et
299 2341 480 2374 canonice
505 2341 719 2374 sanctiones
742 2341 888 2382 jubent,
918 2340 1100 2382 pestifere
1118 2342 1156 2373 01
1182 2340 1381 2374 licentiose
1412 2341 1618 2380 incitando,
1643 2350 1760 2384 popu-

116 2396 195 2429 lum
212 2396 461 2429 christianum
480 2406 501 2429 a
524 2396 627 2428 cultu
646 2397 683 2429 et
699 2396 842 2437 pietate
870 2396 997 2428 divina
1013 2398 1051 2428 et
1078 2396 1280 2437 presertim
1298 2406 1320 2429 a
1335 2396 1537 2429 missarum
1562 2397 1759 2429 sacrificiis

117 2461 159 2484 ac
172 2453 400 2490 sanctorum,
421 2451 535 2484 etiam
553 2452 661 2484 beate
680 2451 800 2484 Marte
813 2451 972 2493 virginis
991 2451 1292 2484 invocationibus
1318 2461 1464 2484 necnon
1488 2452 1759 2494 suffragiorum

116 2516 184 2548 pro
199 2507 387 2539 defunctis
402 2506 656 2539 oblationibus
671 2507 888 2544 avertendo,
904 2508 1048 2547 septem
1063 2508 1299 2539 sacramenta
1316 2507 1353 2539 in
1370 2507 1581 2539 remedium
1595 2507 1758 2540 humane

115 2561 336 2604 fragilitatis
354 2562 533 2594 divinitus
558 2561 733 2594 instituta
750 2564 787 2594 et
815 2561 859 2593 ab
889 2561 1050 2594 ecclesia
1077 2561 1265 2594 catholica
1293 2562 1435 2603 Spiritu
1461 2562 1596 2595 Sancto
1625 2571 1759 2604 coope-

115 2619 224 2649 rante
238 2618 413 2658 suscepta
436 2626 478 2649 ac
501 2616 742 2659 promulgata
758 2617 895 2658 partim
913 2617 1065 2648 omnino
1085 2616 1263 2655 tollendo,
1282 2617 1420 2658 partim
1437 2617 1758 2659 perniciosissime

116 2673 154 2704 et
166 2680 344 2713 perverse
362 2671 541 2704 variando
560 2672 597 2704 et
614 2671 688 2704 alia
704 2671 885 2713 pleraque
903 2671 940 2703 in
955 2671 1150 2704 venenatis
1173 2671 1248 2703 illis
1267 2671 1419 2711 libellis,
1439 2673 1503 2713 qui
1530 2673 1671 2714 passim
1688 2673 1756 2705 sub

116 2727 198 2768 ejus
215 2727 534 2759 circumferuntur
563 2726 608 2759 ab
637 2727 711 2759 imo
737 2726 916 2759 barathro
946 2727 1180 2768 deprompta,
1210 2727 1436 2760 miscrorum
1454 2728 1500 2761 ab
1517 2736 1562 2761 eo
1587 2728 1758 2760 seducto-

116 2790 200 2813 rum
225 2782 415 2814 mcntibus
434 2781 674 2822 instilland03

160 2836 237 2869 Nos
269 2836 388 2878 igitur
415 2837 622 2878 cupienteS,
656 2838 769 2878 prout
796 2837 978 2879 pastorali
1011 2838 1140 2870 nostro
1169 2837 1510 2877 11101111111110111010,
1540 2837 1757 2880 huJusmodi

115 2891 214 2932 pesti
231 2900 273 2923 ac
302 2891 434 2924 morbo
452 2901 668 2931 canceroso,
690 2893 766 2933 qui,
786 2893 886 2934 quod
900 2901 974 2925 non
992 2893 1074 2925 sine
1091 2893 1238 2936 ingenti
1255 2893 1379 2926 cordis
1394 2893 1524 2926 dolore
1540 2894 1754 2933 referimus,

116 2946 230 2980 ctiam
247 2945 445 2980 Inferioris
460 2947 660 2981 Germanic
674 2949 801 2990 partes
820 2949 857 2981 ct
875 2947 968 2988 loca,
995 2948 1093 2982 unde
1122 2957 1190 2982 nos
1214 2948 1403 2983 carnalem
1432 2949 1618 2992 originem
1644 2949 1756 2986 traxi-
