2096 3481
271 256 335 288 306
970 242 1107 278 ANNO
1134 243 1217 277 1525

270 368 336 410 Na
353 362 618 419 vastgesteld
641 364 684 403 te
710 358 895 409 hebben,
931 356 1005 399 dat
1027 356 1078 398 de
1112 357 1202 398 leer
1236 368 1320 397 van
1356 353 1524 397 Luther
1553 353 1648 395 zich
1679 351 1894 408 dagelijks

272 448 387 477 meer
409 447 459 475 en
485 444 602 473 meet·
624 427 882 484 verspreidt,
908 425 1072 469 zoowel
1097 424 1233 467 onder
1260 423 1312 465 de
1335 420 1623 478 geestelijken
1656 421 1721 464 als
1759 420 1896 464 onder

269 505 319 546 de
344 501 510 549 leeken,
538 500 637 542 doet
661 497 718 554 hij
746 497 828 539 den
852 497 966 539 Paus
989 496 1238 550 opmerken‚
1267 492 1342 534 dat
1365 490 1694 542 verscheidene‚
1730 489 1896 533 zoowel

269 569 522 628 geestelijke
545 568 609 610 als
632 564 905 622 wereldlijke
939 567 1119 607 vorsten
1142 561 1334 617 dikwijls
1366 560 1419 602 de
1453 573 1591 616 oogen
1629 559 1794 610 luiken‚
1833 559 1898 601 als

270 643 345 683 het
368 654 415 681 er
437 652 514 680 zou
548 651 601 695 op
635 650 717 678 aan
750 634 908 676 komen
941 635 1120 688 strenge
1153 629 1415 685 maatregels
1448 632 1490 672 te
1514 641 1686 671 nemen.
1710 629 1895 670 Daarom

270 707 476 751 verzoekt
498 706 556 763 hij
582 705 663 747 den
688 705 819 756 Paus,
840 702 942 745 deze
964 704 1144 745 vorsten
1177 713 1259 743 aan
1293 700 1472 742 hunnen
1504 697 1641 754 plicht
1673 699 1717 740 te
1748 696 1898 739 willen

270 776 549 819 herinneren.
576 774 656 824 En,
684 770 920 827 aangezien
945 769 1021 812 het
1051 782 1134 811 aan
1167 768 1283 820 hem,
1318 767 1454 810 Karel
1489 780 1570 810 van
1608 765 1783 817 Gelder,
1809 764 1897 808 kan

267 845 484 902 gebeuren
505 841 754 885 kettersche
777 838 1064 896 geestelijken
1097 840 1140 881 te
1163 840 1333 880 moeten
1357 836 1611 892 vervolgen‚
1640 847 1716 878 zoo
1738 836 1894 890 vraagt

267 914 440 972 hij„dat
463 913 514 955 de
537 913 652 954 Paus
673 910 772 953 hem
797 910 974 952 daartoe
999 908 1050 950 de
1073 906 1257 963 noodige
1283 905 1427 949 macht
1450 919 1531 948 zou
1552 904 1805 948 νει-10011011.

314 1028 537 1062 Beatissimo
555 1027 593 1060 111
608 1026 755 1060 Christo
770 1024 869 1067 patri
886 1023 1070 1058 Clementi
1087 1022 1260 1064 septimo,
1275 1021 1446 1064 pontifici
1459 1020 1637 1054 maximo.

312 1085 405 1118 Post
422 1083 549 1116 oscula
561 1082 698 1123 pedum
715 1080 1019 1114 beatissimorum
1038 1077 1246 1110 humillime
1264 1077 1434 1110 exhibita
1451 1076 1691 1110 devotissime
1715 1082 1900 1108 commen-

270 1140 399 1172 damus
418 1148 484 1171 nos
502 1137 691 1170 sanctitati
708 1137 845 1168 vestre.

313 1194 532 1227 Beatissinie
549 1194 668 1234 pater.
695 1192 786 1224 Cum
803 1199 871 1232 per
889 1191 1005 1222 totam
1023 1190 1104 1222 fere
1122 1187 1360 1222 Germaniam
1377 1187 1596 1221 Lutherana
1612 1185 1758 1219 heresis
1774 1185 1900 1227 perni-

268 1249 488 1287 ciosissime,
508 1247 604 1290 proh
622 1246 741 1285 dolor,
761 1246 1003 1278 disseminata
1018 1243 1206 1286 pullulare
1224 1253 1266 1276 ac
1282 1244 1411 1286 vigere
1427 1243 1467 1274 in
1485 1243 1564 1275 dies
1581 1241 1702 1284 magis
1720 1250 1763 1273 ac
1778 1240 1899 1283 magis

267 1305 422 1346 incipiat
446 1314 519 1336 non
549 1304 587 1335 in
615 1301 848 1335 secularibus
876 1300 1000 1338 modo,
1029 1300 1094 1332 sed
1123 1299 1235 1332 etiam
1261 1299 1299 1330 in
1328 1297 1594 1331 ecclesiasticis
1618 1295 1804 1339 personis,
1829 1304 1898 1328 nos

268 1369 415 1401 quoque
447 1368 515 1401 pro
544 1358 685 1391 viribus
715 1366 798 1389 eam
823 1356 1058 1397 supprimere
1087 1355 1125 1387 et
1152 1355 1344 1395 extirpare
1373 1362 1565 1392 conemur,
1584 1353 1638 1385 ita
1654 1353 1696 1384 ut
1722 1351 1900 1384 minimus

270 1416 387 1457 ipsius
404 1423 533 1446 rumor
557 1414 594 1445 in
620 1413 749 1444 nostra
766 1411 908 1443 ditione
931 1411 1111 1442 hactenus
1129 1409 1318 1449 extiterit3
1337 1408 1475 1440 mirum
1491 1408 1530 1440 in
1547 1408 1699 1440 modum
1716 1405 1900 1445 dolemus,
1933 1425 1936 1427 >

271 1471 369 1511 quod
388 1479 459 1501 non
479 1469 577 1501 idem
595 1477 742 1509 quoque
760 1468 825 1498 n'at
849 1476 870 1498 a
891 1466 1023 1497 vicinis
1041 1465 1181 1497 circum
1200 1473 1267 1496 nos
1285 1463 1346 1495 1110
1362 1463 1596 1505 principibus
1614 1464 1690 1496 tam
1707 1461 1901 1496 ecclesias-

271 1526 354 1557 ticis
384 1534 493 1565 quam
521 1523 765 1560 secularibuS,
801 1521 876 1562 qui,
911 1522 952 1552 ut
988 1520 1095 1552 nobis
1127 1519 1287 1557 videtur,
1318 1518 1437 1551 multa
1463 1518 1750 1551 conniventibus
1782 1515 1902 1550 oculis

271 1581 493 1622 permittunt
528 1581 565 1611 et
599 1577 847 1615 dissimulant,
881 1585 952 1616 quc
989 1584 1063 1607 non
1095 1575 1294 1607 admodum
1327 1572 1471 1606 difficili
1503 1582 1618 1615 opera
1647 1572 1833 1615 impedire
1864 1572 1902 1604 et

269 1633 477 1674 reprimere
494 1632 660 1673 possent.
686 1630 778 1662 Eam
796 1630 841 1661 ob
860 1637 1009 1661 causam
1034 1626 1245 1659 humillime
1264 1627 1518 1666 obsecramus,
1537 1627 1578 1658 ut
1595 1626 1633 1659 S.
1657 1625 1701 1659 V.
1721 1624 1901 1668 dignetur

270 1688 362 1729 ipsis
380 1687 628 1719 aucthoritate
647 1695 719 1726 qua
735 1685 907 1727 fungitur
926 1682 1132 1725 apostolica
1148 1682 1339 1720 mandare,
1366 1682 1406 1714 ut
1424 1681 1645 1724 diligentius
1663 1680 1900 1721 aliquatenus

271 1743 367 1775 hanc
391 1743 428 1774 in
456 1751 536 1774 reni
565 1741 863 1773 animadvertant
891 1740 928 1772 et
955 1737 1166 1780 invigilent,
1195 1747 1242 1770 ne
1269 1736 1381 1770 belua
1408 1736 1477 1769 hec
1503 1736 1709 1769 multorum
1736 1735 1900 1777 capitum

272 1798 411 1831 Christi
440 1797 635 1830 eeclesiam
665 1795 774 1828 simul
800 1805 884 1827 011111
911 1795 1062 1835 pastore
1095 1794 1132 1826 et
1160 1792 1290 1824 ovibus
1321 1792 1397 1824 suis
1426 1792 1638 1830 absorbeat,
1668 1791 1768 1832 quod
1790 1799 1901 1832 quam

272 1853 486 1886 miserabile
504 1854 540 1885 et
557 1851 739 1884 horribile
764 1851 932 1883 futurum
955 1850 1065 1887 esset,
1086 1848 1168 1889 quis
1187 1848 1311 1880 dicere
1328 1847 1473 1889 possit?

316 1909 393 1941 Nos
417 1917 518 1946 vere,
545 1907 721 1948 quoniam
749 1906 847 1947 apud
872 1904 1146 1938 ecclesiasticas
1173 1912 1355 1944 personas
1380 1912 1454 1935 non
1472 1902 1666 1935 minimam
1682 1901 1795 1943 hujus
1812 1900 1902 1934 mali

271 1965 417 2006 partem
445 1963 563 1996 latere
580 1962 774 1999 sentimus,
794 1962 832 1993 et
847 1961 886 1992 in
914 1959 1075 1992 christos
1104 1958 1255 1991 Domini
1271 1967 1423 1990 manum
1451 1958 1620 1990 nostram
1642 1957 1794 1990 mittere
1827 1965 1902 1989 non

273 2020 464 2057 audemuS,
483 2017 591 2050 valde
616 2027 690 2049 non
717 2016 838 2049 solum
860 2014 966 2053 utile,
986 2015 1051 2047 sed
1074 2014 1112 2047 et
1136 2013 1390 2046 necessarium
1407 2014 1489 2045 fore
1507 2012 1708 2051 credimus,
1734 2012 1776 2044 ut
1791 2011 1900 2044 nobis

274 2083 421 2116 quoque
454 2074 491 2107 et
514 2073 650 2106 ceteris
668 2072 776 2104 dietis
800 2070 1034 2112 principibus
1063 2068 1304 2102 authoritatis
1331 2069 1456 2101 vestre
1488 2067 1694 2110 apostolice
1725 2067 1901 2100 mandato

273 2130 512 2171 permittatur
536 2127 690 2161 licentia
716 2127 754 2159 in
785 2127 927 2159 rectam
958 2124 1044 2157 illos
1078 2124 1289 2158 Christiane
1321 2123 1519 2166 religionis
1550 2123 1649 2155 viam
1680 2131 1702 2155 a
1731 2121 1902 2164 patribus

275 2185 363 2217 olim
392 2184 602 2217 institutam
620 2184 657 2216 et
678 2183 781 2215 tanto
806 2181 881 2214 iam
908 2182 1078 2222 tempore
1106 2180 1340 2212 sanctissime
1368 2178 1604 2211 observatam
1629 2177 1837 2210 reducendi
1860 2185 1903 2209 ac

275 2250 358 2272 cum
376 2241 510 2273 effectu
535 2238 694 2281 cogendi
708 2263 717 2277 ,
737 2235 930 2278 suppliciis
947 2236 1061 2269 etiam
1078 2235 1268 2274 extremis,
1291 2235 1323 2266 si
1340 2243 1414 2266 non
1437 2233 1680 2275 resipuerint,
1699 2231 1901 2270 afficiendi,

275 2295 525 2338 prestabimus
565 2302 674 2326 omne
702 2292 950 2333 quodeunque
980 2290 1215 2332 potuerimus
1244 2289 1421 2328 officium,
1447 2289 1561 2321 etiam
1591 2288 1623 2320 si
1656 2297 1745 2330 opes
1773 2296 1902 2320 omnes

276 2352 435 2389 nostras,
454 2358 590 2391 corpus
614 2349 652 2381 et
678 2348 792 2380 vitam
820 2346 981 2387 denique
1008 2346 1127 2388 ipsam
1151 2345 1370 2387 impendere
1393 2343 1649 2377 necessarium
1674 2343 1804 2381 fuerit,
1827 2351 1903 2375 non

277 2406 442 2439 defuturi
469 2413 597 2438 sumus
614 2403 771 2445 negocio
796 2402 883 2434 huic
901 2402 975 2434 tam
998 2402 1126 2434 sancto
1144 2401 1333 2441 tamquam
1360 2408 1449 2432 vere
1476 2398 1702 2438 necessario,
1732 2398 1765 2431 si
1790 2398 1901 2431 modo

276 2461 538 2493 auctoritatem
561 2459 658 2491 hanc
675 2459 842 2490 nostram
866 2457 1064 2495 sinceram,
1083 2465 1194 2497 quam
1216 2456 1330 2488 etiam
1346 2454 1704 2487 Christianissimam
1726 2461 1810 2486 esse
1826 2462 1902 2486 non

276 2517 501 2554 dubitamus,
539 2513 865 2554 obedientiamque
903 2520 1030 2545 veram
1071 2520 1113 2544 ac
1152 2511 1316 2544 debitam
1354 2509 1654 2548 confirmaverat,
1685 2508 1902 2541 mandatum

277 2570 516 2604 authoritatis
543 2571 667 2602 vestre
695 2567 912 2610 apostolice,
939 2576 1050 2608 quam
1082 2566 1252 2600 Christus
1281 2565 1454 2598 dominus
1485 2564 1644 2598 ecclesie
1672 2573 1739 2598 sue
1763 2563 1901 2607 guber-

278 2625 409 2658 naculo
428 2626 618 2658 tenentem
635 2624 795 2666 longeva
811 2623 849 2655 in
867 2623 968 2655 omni
984 2622 1166 2655 felicitate
1183 2621 1396 2654 conseruet.

320 2681 377 2714 Ex
395 2681 530 2723 oppido
548 2679 728 2718 Arnhem‚
746 2678 802 2712 111
819 2678 1016 2711 Februarii
1034 2687 1130 2710 anno
1149 2676 1340 2710 MDXXV.

1235 2753 1570 2789 Obedientissimus
1584 2752 1684 2786 filius

1150 2826 1318 2865 Carolus,
1338 2826 1411 2859 dux
1429 2825 1554 2859 Gelrie
1571 2826 1609 2859 et
1631 2825 1747 2865 Julie,

1148 2883 1354 2923 Comes-que
1369 2882 1546 2924 Zupanie‚
1565 2882 1636 2915 ete.

1146 2937 1313 2973 charles·
