2096 3481
779 242 916 276 ANNO
944 242 1028 275 1525
1657 241 1722 275 307

431 351 473 384 Ρ.
502 350 634 392 Balan,
653 350 894 384 Monumenta
918 351 1058 385 saeculi
1074 350 1180 390 XVI,
1201 351 1283 385 (leel
1308 352 1337 389 Ι,
1358 352 1427 386 blz.
1447 353 1524 393 323,
1542 353 1627 396 3243
1648 353 1722 387 ook

476 417 522 448 op
540 406 605 439 het
625 405 781 439 Archief
804 415 874 438 van
898 407 1079 445 Arnhem,
1100 407 1154 440 als
1180 408 1355 441 asselirist
1379 409 1417 440 in
1443 409 1508 442 het
1535 409 1618 443 Lib.
1643 408 1723 443 XII

474 461 775 504 geregistreerd;
794 461 904 494 reeds
919 462 1124 503 afgedrukt
1139 462 1189 504 bij
1209 464 1250 495 G.
1271 463 1350 496 Van
1369 464 1534 503 Hasselt,
1553 464 1721 498 Scukken

470 526 561 550 υοον
592 516 636 550 de
652 515 947 550 vaderla›2dsche
977 515 1136 555 historie,
1165 518 1247 551 deel
1274 518 1321 557 ΙΙ,
1348 518 1419 551 blz.
1438 519 1480 551 72
1506 529 1552 552 en
1576 519 1640 561 733
1666 520 1716 561 bij

473 573 680 609 Fontanus,
710 572 902 605 Historiae
933 572 1100 605 Geir-icae
1124 572 1212 606 libri
1239 573 1345 612 XIV,
1380 574 1451 608 blz.
1483 574 1634 616 7203011
1667 575 1717 617 bij

471 627 574 659 Hille
601 627 670 659 Ris
702 627 895 668 Lambers‚
934 627 984 660 De
1014 627 1363 673 lies-kheroorminy
1395 640 1440 673 op
1473 629 1516 663 de
1558 629 1712 669 Veluwe,

473 682 652 724 bijlagffli,
672 681 742 715 blz.
763 691 849 715 xm.

837 823 959 866 258.

148 955 287 1002 1525,
335 951 575 996 Febrzcccrz'
620 957 694 1004 12,
741 953 901 995 Rome.
954 949 1196 994 Uittreksel
1240 950 1304 994 uit
1343 924 1407 994 de·
1450 950 1580 994 breve
1629 966 1715 996 van

78 1035 185 1078 paus
203 1023 401 1067 Clemens
426 1025 507 1067 VII
531 1025 699 1080 gericht
733 1028 799 1068 tot
832 1023 1060 1067 kardinaal
1098 1023 1292 1066 Erardus
1331 1038 1415 1067 van
1459 1024 1537 1067 der
1569 1024 1715 1077 Mark,

76 1091 425 1149 prins-hisschop
448 1108 530 1137 van
555 1094 681 1146 Luik,
709 1107 778 1136 om
810 1094 910 1136 hem
934 1096 1000 1137 tot
1022 1093 1419 1149 opperinquisiteur
1443 1093 1520 1136 der
1552 1093 1718 1138 Neder-

76 1161 235 1204 landen
254 1176 336 1205 aan
357 1166 400 1206 te
418 1164 594 1207 stellen.
632 1188 689 1195 —
724 1165 780 1206 De
798 1164 914 1206 Paus
947 1167 1047 1219 zegt
1070 1163 1261 1218 gehoord
1286 1166 1329 1206 te
1352 1162 1539 1215 hebben,
1567 1163 1641 1207 dat
1664 1164 1716 1207 de

77 1231 352 1275 Luthersche
384 1232 561 1290 ketterij
588 1232 631 1276 in
660 1231 870 1288 sommige
903 1232 1134 1289 gedeelten
1157 1232 1235 1274 der
1257 1232 1567 1276 Nederlanden
1586 1233 1717 1289 dage-

75 1299 178 1357 lijks
199 1303 440 1356 toeneemt;
462 1301 544 1345 ook
583 1302 718 1345 denkt
741 1302 820 1359 hij,
847 1301 922 1344 dat
944 1301 1095 1344 aldaar
1118 1315 1226 1345 eene
1249 1301 1440 1358 hoogere
1459 1302 1608 1345 macht
1630 1316 1716 1347 van

76 1369 213 1413 noode
237 1370 272 1413 is
306 1371 391 1414 dan
409 1371 576 1428 degene
601 1372 677 1414 der
709 1371 990 1426 inquisiteurs
1022 1371 1128 1413 door
1160 1371 1243 1414 den
1267 1372 1498 1415 kardinaal
1519 1370 1714 1415 Laurens

76 1437 345 1498 (Campegio)
378 1440 604 1484 benoemd.
651 1442 835 1484 Daarom
872 1441 1074 1484 verleent
1110 1440 1162 1483 de
1199 1442 1315 1484 Paus
1353 1440 1408 1497 bij
1444 1441 1579 1484 dezen
1629 1455 1713 1484 aan

73 1509 267 1553 Erardus
290 1523 369 1553 een
388 1510 718 1567 oppermachtig
736 1510 927 1554 toezicht
943 1523 1049 1553 over
1065 1510 1169 1553 deze
1186 1524 1240 1554 en
1263 1511 1347 1554 alle
1363 1511 1526 1554 andere
1544 1511 1714 1554 ketter-

75 1582 286 1623 meesters
311 1579 389 1622 der
407 1579 731 1624 Nederlanden.

117 1670 264 1705 Dilecto
304 1672 382 1705 filio
422 1674 550 1706 nostro
591 1673 749 1710 Erardo,
798 1672 854 1705 tit.
896 1672 931 1705 S.
975 1672 1214 1716 Chrysogoni
1258 1674 1481 1717 presbytero
1527 1676 1712 1710 cardinali

73 1725 288 1760 Leodiensi.

115 1783 207 1816 Cum
235 1793 281 1816 ex
299 1783 534 1817 diversorum
551 1784 831 1826 fidedignorum
863 1785 1073 1817 assertione
1103 1794 1177 1817 non
1206 1786 1288 1819 sine
1305 1787 1413 1828 gravi
1430 1787 1556 1820 cordis
1590 1789 1710 1821 nostri

72 1837 202 1871 dolore
230 1838 499 1879 intelleximus,
529 1849 715 1873 venenum
732 1840 971 1873 Lutheranae
998 1839 1166 1874 haeresis
1193 1841 1232 1873 in
1251 1842 1360 1874 dictis
1383 1843 1555 1884 partibus
1576 1853 1710 1886 nempe

70 1893 197 1937 Belgii
226 1904 300 1927 non
325 1894 447 1927 solum
473 1895 594 1928 adhue
619 1896 827 1928 extinctum
856 1905 930 1927 non
959 1905 1054 1934 esse,
1074 1897 1185 1928 sicuti
1214 1898 1459 1939 sperabamus
1487 1900 1709 1940 propediem

69 1950 164 1988 fore,
194 1959 325 1983 verum
353 1951 466 1983 etiam
492 1950 646 1983 humani
675 1951 827 1993 generis
855 1951 1008 1983 inimico
1035 1952 1241 1994 instigante
1269 1953 1390 1986 videri
1419 1955 1643 1994 quibusdam
1672 1956 1710 1987 in

68 2004 162 2037 loeis
179 2014 222 2038 ac
238 2005 388 2047 populis
407 2007 615 2039 eorundam
642 2007 807 2047 partium
835 2005 948 2038 latius
972 2007 1010 2038 in
1029 2007 1108 2040 dies
1137 2008 1280 2040 effundi
1296 2008 1539 2051 pluriumque
1566 2011 1707 2043 Christi

69 2060 238 2093 fidelium
257 2062 400 2094 animos
429 2062 473 2094 ab
493 2061 725 2094 orthodoxae
744 2061 833 2094 fidei
851 2062 1069 2094 sinceritate
1095 2062 1272 2102 alterare,
1299 2073 1342 2096 ac
1365 2067 1569 2106 propterea
1601 2067 1709 2098 nobis

68 2117 369 2158 persuaserimus
383 2117 428 2149 ad
445 2119 590 2159 pestem
608 2117 704 2149 hane
723 2118 766 2149 ab
782 2117 923 2150 eisdem
937 2119 1108 2158 partibus
1126 2128 1168 2151 ae
1181 2119 1332 2160 populis
1349 2121 1500 2161 penitus
1518 2122 1708 2163 extirpan-

69 2172 154 2204 dam
171 2173 395 2205 auctoritate
412 2173 560 2214 majori,
580 2182 691 2214 quam
709 2182 782 2213 qua
799 2173 889 2205 dicti
911 2173 1156 2214 inquisitores
1180 2183 1201 2207 a
1225 2175 1430 2208 Laurentio
1455 2177 1647 2209 cardinale
1666 2187 1708 2209 ae

66 2226 193 2270 legato
227 2228 396 2269 deputati
422 2228 579 2270 pollent,
607 2238 699 2270 opus
732 2238 836 2269 esse3
867 2231 1087 2270 praesentes
1120 2230 1165 2261 ad
1198 2231 1556 2272 circumpectionem
1590 2235 1704 2270 tuam,

67 2283 174 2325 eujus
199 2283 237 2315 in
262 2283 371 2316 dietis
402 2285 573 2325 partibus
595 2294 669 2316 non
691 2285 876 2317 minorem
905 2285 1002 2325 apud
1031 2294 1161 2318 omnes
1191 2287 1455 2320 auctoritatem
1478 2290 1515 2320 et
1542 2289 1705 2330 gratiani

66 2347 177 2379 quam
195 2339 419 2381 dignitatem
441 2349 524 2373 esse
552 2340 736 2378 novimus,
756 2340 897 2372 dandas
926 2340 1112 2379 duximuS,
1140 2342 1275 2382 quibus
1300 2343 1458 2375 eandem
1476 2344 1514 2375 in
1543 2345 1704 2376 Domino

65 2393 317 2433 hortaremur,
347 2396 460 2436 prout
491 2404 537 2428 ex
576 2396 699 2427 animo
729 2395 936 2434 hortamur,
971 2405 1012 2428 ac
1044 2396 1081 2428 in
1115 2397 1254 2430 virtute
1283 2402 1433 2431 sanctae
1466 2399 1704 2433 obedientiae

64 2449 305 2490 requirimus,
324 2452 365 2482 ut
382 2451 464 2492 ipsa
481 2460 629 2484 omnem
658 2451 895 2490 industriam,
926 2450 1205 2485 solicitudinem
1235 2455 1346 2494 atque
1375 2457 1549 2487 conatum
1575 2455 1612 2487 in
1631 2455 1702 2488 hoe

64 2504 284 2546 impendere
312 2508 350 2538 et
366 2507 540 2539 conferre
566 2508 726 2549 satagat,
746 2516 818 2548 quo
838 2508 1031 2550 negotium
1060 2510 1211 2541 sanetae
1240 2509 1498 2550 inquisitionis
1514 2510 1573 2543 his
1592 2511 1701 2544 malis

65 2561 298 2603 temporibus
316 2570 459 2595 summe
486 2563 740 2595 necessarium
758 2563 795 2594 in
821 2563 931 2595 dietis
958 2563 1129 2604 partibus
1148 2564 1261 2606 digne
1287 2574 1329 2597 ac
1346 2567 1500 2599 strenue
1525 2569 1563 2599 et
1585 2571 1700 2609 prout

65 2615 182 2649 divini
213 2616 368 2650 honoris
400 2617 683 2659 catholicaeque
711 2619 800 2651 fidei
828 2619 925 2650 ratio
960 2628 1105 2651 necnon
1137 2619 1238 2652 salus
1275 2621 1485 2654 animarum
1516 2623 1698 2663 requiret,

64 2671 367 2714 administretur3
409 2673 508 2714 quod
551 2682 624 2714 quo
657 2674 845 2706 efficacius
877 2676 1071 2715 praestare
1104 2675 1241 2714 valeas,
1277 2685 1343 2708 nos
1377 2677 1444 2709 tibi
1476 2677 1514 2710 in
1555 2679 1697 2711 eisdem

62 2728 233 2768 partibus
250 2727 401 2770 plenam
415 2737 457 2761 ac
474 2737 687 2770 supremam
705 2730 931 2771 superdicta
944 2734 1073 2762 sancta
1086 2731 1332 2772 inquisitione
1346 2733 1503 2774 ejusque
1517 2734 1702 2767 ministris

62 2783 244 2824 praefatis
268 2785 306 2817 et
323 2783 407 2816 aliis
423 2784 718 2826 quibuscumque
737 2785 1126 2827 superintendentiam
1144 2789 1181 2819 et
1197 2788 1461 2821 auctoritatem
1486 2790 1700 2823 tribuimus.

106 2838 152 2872 Et
163 2838 268 2881 infra
287 2848 294 2871 :
311 2839 367 2872 Tu
384 2840 524 2881 itaque,
544 2839 681 2873 dilecte
699 2840 765 2880 fili,
785 2841 1088 2874 commissionem
1105 2841 1201 2875 hane
1219 2848 1330 2884 atque
1346 2845 1578 2886 provinciam
1596 2855 1699 2879 sanc-

62 2893 247 2928 tissimam
276 2904 414 2939 magno
447 2896 570 2929 animo
596 2905 637 2930 ac
662 2896 774 2929 solita
796 2897 936 2938 pietate
961 2897 1190 2940 amplectere
1218 2901 1329 2941 teque
1358 2901 1403 2933 ad
1428 2900 1627 2935 euellenda
1652 2904 1697 2936 ab

62 2957 154 2994 agro
180 2951 332 2985 inimico
363 2952 528 2994 pessima
555 2952 794 2987 Lutheranae
818 2953 1001 2995 perfidiae
1019 2954 1170 2994 zizania,
1195 2965 1290 2997 quae
1312 2957 1486 2990 inimicus
1511 2957 1623 2992 homo
1649 2961 1695 2994 ad
