2096 3481
858 232 995 266 ANNO
1024 233 1105 265 1522
1737 232 1795 264 iol

161 344 320 388 razend
353 344 589 401 geworden
627 358 680 387 en
714 344 850 387 houdt
885 343 976 386 niet
1010 357 1064 401 op
1098 343 1305 385 Erasmus
1345 354 1450 384 voor
1487 341 1634 386 ketter
1657 342 1719 385 uit
1753 346 1797 386 te

161 413 382 457 schelden.
405 413 474 470 Hij
500 428 553 456 en
587 413 676 470 zijn.
690 413 858 468 collega
879 410 1030 469 (Jacob
1049 424 1134 454 van
1172 411 1468 466 Hoogstraten
1483 410 1522 466 ‘?)
1560 411 1796 467 vervolgen

158 487 307 529 vooral
326 486 377 529 de
396 485 676 529 beoefenaars
694 485 770 528 der
794 484 930 541 goede
948 484 1154 526 letteren.
1176 483 1310 526 Alzoo
1331 483 1450 525 werd
1475 483 1694 539 N(icolaas
1711 496 1796 526 van

158 555 189 598 ’s
217 554 629 611 Hertogenboseh‘?)
652 554 757 597 door
778 554 880 597 hem
914 553 977 595 uit
1009 551 1301 608 persoonlijke
1335 551 1485 594 Wraak
1521 555 1794 595 verontrust.

154 627 246 670 Een
278 627 440 670 andere
472 625 622 684 (Jacob
645 624 992 682 Praepositus‘?),
1019 624 1087 667 die
1111 623 1238 666 reeds
1263 623 1344 680 vrij
1381 637 1492 675 was,
1522 623 1598 666 liet
1629 624 1687 681 hij
1722 627 1796 667 ten

156 696 356 740 tweeden
381 696 492 739 male
516 697 559 738 in
598 695 682 738 den
707 694 871 737 kerker
904 707 1102 749 werpen.
1130 693 1249 736 Geen
1273 691 1396 735 beter
1430 706 1529 735 man
1554 706 1646 735 was
1685 707 1732 735 er
1757 699 1799 736 te

156 768 425 823 Antwerpen
471 770 515 810 te
553 767 729 810 vinden.
772 767 832 809 De
870 766 974 808 haat
1018 768 1150 820 tegen
1205 764 1256 806 de
1302 763 1698 817 minderbroeders‚
1747 764 1798 806 de

154 836 490 892 predikheeren‚
515 836 557 879 al
579 836 632 879 de
650 835 888 878 monniken
913 848 967 877 en
1007 834 1090 877 den
1113 832 1231 876 Stoel
1264 847 1348 876 van
1373 834 1509 876 Rome
1533 832 1663 876 werft
1702 834 1797 876 veel

152 905 430 962 aanhangers
467 918 574 948 voor
605 906 772 948 Luther
808 918 892 947 aan
932 903 1071 946 onder
1102 903 1178 946 het
1217 901 1318 944 volk
1343 915 1397 944 en
1439 902 1491 944 de
1529 906 1731 957 grooten.

198 987 252 1020 Dc
280 987 526 1030 Egmondano
554 986 665 1020 facile
694 987 907 1019 divinabam
935 987 1018 1018 fore
1047 985 1146 1026 quod
1175 984 1312 1022 evenit,
1344 986 1396 1023 ut,
1423 984 1593 1025 profecto
1621 986 1792 1024 Caesare,

153 1043 337 1084 inciperet
365 1052 470 1075 suani
499 1051 678 1075 exercere
706 1043 959 1084 tyrannidem.
991 1041 1126 1073 Statim
1156 1048 1263 1072 orsus
1292 1041 1349 1072 est
1378 1040 1414 1071 in
1444 1050 1502 1071 me
1532 1040 1732 1072 vcoeiterari
1758 1044 1795 1073 et

154 1097 380 1130 Mechliniae
412 1099 450 1129 in
478 1097 629 1139 publica
660 1098 842 1129 concione
878 1097 1025 1128 monuit
1056 1095 1250 1137 populum,
1286 1097 1326 1126 ut
1357 1097 1535 1127 caverent
1567 1095 1610 1126 ab
1644 1095 1793 1128 haeresi

153 1152 310 1185 Lutlieri
339 1155 375 1185 et
403 1153 562 1186 Erasini.
593 1153 636 1185 In
662 1153 844 1185 conviviis
872 1152 1012 1193 passim
1039 1151 1205 1193 jactabat
1230 1150 1426 1182 Erasinum
1454 1159 1535 1182 esse
1561 1150 1792 1183 haereticum

152 1208 320 1249 pejorem
338 1208 505 1240 Luthero
524 1217 566 1240 ac
584 1209 666 1239 dira
683 1208 909 1245 minabatur,
938 1207 968 1238 si
994 1206 1177 1239 adessem.
1205 1206 1273 1238 Est
1290 1205 1386 1237 alter
1404 1205 1467 1246 qui
1486 1206 1621 1238 tectius
1639 1205 1792 1245 lacerat,

152 1263 217 1295 sed
235 1263 444 1295 nocentius.
472 1263 541 1301 Tu,
568 1263 619 1294 1111
644 1263 808 1301 Barbiri,
835 1263 1012 1294 aestimas
1030 1261 1137 1293 illum
1156 1270 1201 1293 cx
1220 1261 1385 1301 antiquis
1410 1260 1597 1301 moribus-3
1618 1261 1681 1301 qui
1700 1261 1792 1293 1111111

151 1327 300 1358 quoquc
328 1317 513 1359 placebat,
548 1328 661 1359 quum
694 1318 816 1350 adhue
849 1318 949 1350 esset
981 1317 1019 1348 in
1053 1316 1187 1348 humili
1220 1317 1341 1356 statug
1376 1317 1621 1357 posteaquam
1655 1316 1795 1349 afflavit.

149 1373 325 1405 fortunae
358 1383 460 1412 aura,
495 1374 548 1405 ita
579 1373 718 1406 sublati
757 1377 845 1405 sunt
885 1373 1013 1410 animi,
1048 1374 1088 1404 ut
1121 1371 1312 1413 theologis
1345 1372 1458 1404 etiam
1491 1371 1713 1412 quibusdam
1746 1373 1795 1404 sit

149 1428 304 1466 invisus,
325 1438 398 1460 non
416 1429 526 1460 modo
545 1429 715 1461 candidis
733 1428 919 1461 omnibus.

192 1483 429 1525 Religiosum
447 1484 630 1525 principis
648 1484 813 1516 animum
828 1483 1074 1516 veliementer
1091 1481 1221 1523 laudo3
1238 1483 1315 1519 scd,
1332 1482 1363 1514 si
1380 1481 1515 1514 suisset
1529 1482 1619 1514 satis
1637 1483 1791 1515 edoctus

149 1538 194 1570 de
213 1539 289 1571 toto
308 1539 475 1581 negotio,
495 1549 569 1571 non
594 1539 845 1571 commisisset
868 1548 949 1571 rem
975 1538 1069 1570 tanti
1094 1538 1275 1570 momenti
1299 1537 1444 1569 homini
1469 1539 1572 1569 fatuo
1591 1540 1628 1570 et
1645 1539 1788 1570 furioso

148 1593 394 1635 Egmondano
423 1596 460 1626 et
487 1594 657 1636 collegae
686 1594 798 1627 alteri
825 1594 913 1626 huie
942 1593 1148 1632 simillium,
1183 1602 1344 1634 quorum
1376 1595 1536 1633 uterque
1568 1593 1676 1634 pejus
1709 1594 1788 1626 odit

147 1647 297 1691 linguas
315 1658 357 1681 ac
374 1649 491 1681 bonas
509 1649 640 1682 literas
659 1659 771 1690 quam
788 1658 965 1691 anguem.
1258 1647 1264 1649 ’

191 1703 394 1737 Carmelita
408 1705 444 1736 in
460 1704 584 1737 nullos
598 1705 718 1747 inagis
732 1705 851 1737 saevit
865 1714 975 1745 quam
990 1704 1027 1736 in
1042 1713 1145 1736 meos
1160 1705 1198 1736 et
1211 1705 1378 1736 amantes
1395 1704 1577 1736 bonarum
1592 1703 1787 1736 literarum

145 1762 208 1791 aut
237 1769 258 1791 a
282 1760 416 1800 quibus
442 1760 566 1792 laesus
591 1762 684 1793 erat.
714 1760 840 1793 Jaetat
865 1769 904 1792 sc
930 1762 1120 1792 mortuum
1146 1760 1299 1791 mundo.
1326 1759 1375 1791 At
1398 1759 1491 1791 nihil
1518 1763 1574 1791 est
1598 1760 1785 1791 vindictae

145 1815 400 1855 apparentius.
434 1815 477 1848 In
518 1815 731 1858 N[ieolaum
768 1814 1133 1858 Buscodueensem2]
1166 1815 1326 1856 probum
1360 1816 1397 1847 et
1429 1815 1578 1846 doctum
1609 1815 1784 1855 juvenem

142 1868 253 1910 plane
270 1869 542 1911 phalarismuni
561 1871 747 1911 quendam
773 1871 955 1909 exercuit,
984 1871 1083 1912 quod
1108 1870 1215 1902 illum
1242 1870 1443 1910 aliquando
1466 1870 1608 1901 vocarit
1626 1872 1782 1902 fatuum.

143 1925 220 1957 Nec
253 1925 290 1957 id
321 1926 444 1966 potuit
476 1926 588 1958 homo
625 1927 792 1959 furiosus
826 1925 1078 1965 dissimulare,
1121 1936 1235 1967 quum
1275 1926 1313 1957 in
1345 1925 1496 1967 publieo
1534 1928 1784 1967 perageretur

140 1981 354 2023 palinodiae
386 1982 525 2014 fabula.
560 1982 732 2015 Alterum
765 1982 880 2015 semel
915 1983 1112 2014 dimissum
1142 1980 1458 2025 [PraepositumZ]
1484 1981 1643 2013 retraxit
1678 1982 1713 2012 et
1746 1981 1782 2012 in

140 2046 330 2070 carcerem
347 2038 522 2079 conjecit,
538 2039 660 2070 virum
674 2048 747 2079 quo
764 2048 873 2071 nemo
888 2037 1024 2070 melior
1037 2038 1285 2079 Antverpiae3
1302 2038 1437 2079 opinor
1452 2037 1519 2068 tibi
1538 2038 1666 2068 notum
1686 2045 1780 2068 esse.

185 2092 281 2131 Quid
306 2092 351 2125 de
376 2093 543 2126 Luthero
569 2094 770 2133 senserint,
798 2094 946 2135 neseiog
974 2094 1073 2135 apud
1095 2102 1154 2125 me
1179 2095 1282 2125 certe
1309 2092 1401 2124 nihil
1428 2091 1502 2124 tale
1528 2091 1780 2127 declararunt,

141 2148 205 2181 sed
235 2149 388 2181 strenue
417 2149 579 2181 oderunt
607 2150 788 2190 quosdam
818 2149 1078 2181 dominicanos
1107 2150 1144 2181 et
1172 2147 1399 2185 carmelitas‚
1434 2148 1497 2188 qui
1526 2148 1578 2179 sic
1610 2147 1779 2188 profecto

140 2205 279 2246 gerunt
302 2213 397 2242 sese,
425 2206 465 2236 ut
490 2214 598 2237 nemo
623 2205 744 2237 bonus
769 2214 834 2237 eos
859 2214 933 2237 non
960 2206 1192 2237 exsecretur.
1221 2203 1414 2236 Fatereris
1439 2203 1519 2244 ipse
1545 2211 1673 2234 verum
1699 2210 1781 2234 esse

140 2259 239 2300 quod
265 2259 360 2297 dico,
387 2259 417 2291 si
444 2268 570 2291 coram
595 2260 758 2293 adesses.
778 2259 877 2293 Illud
903 2261 961 2293 cst
985 2259 1203 2292 carmelitae
1230 2259 1436 2296 decretum,
1455 2267 1534 2290 rem
1561 2257 1781 2289 austeritate

139 2314 409 2347 conficiendam
451 2324 545 2347 esse.
582 2315 654 2348 Sed
693 2315 791 2348 hanc
829 2316 1003 2348 fortassis
1044 2315 1215 2347 exerceri
1257 2314 1365 2346 decet
1396 2314 1434 2345 in
1467 2324 1531 2345 eos
1564 2313 1626 2353 qui
1658 2311 1780 2353 palam

139 2369 345 2402 defendunt
370 2370 598 2411 Lutherumg
626 2372 723 2412 apud
743 2381 810 2403 nos
829 2380 938 2403 nemo
958 2370 1044 2403 talis
1068 2372 1136 2403 est.
1159 2369 1295 2403 Odium
1321 2369 1591 2401 monachorum
1617 2377 1657 2399 ae
1683 2367 1782 2400 sedis

136 2425 330 2458 Romanae
349 2425 565 2458 conciliavit
589 2426 646 2458 illi
671 2426 836 2467 aliquem
861 2428 1031 2459 savorem
1057 2426 1156 2467 apud
1174 2427 1294 2458 totum
1312 2425 1492 2467 populum
1519 2425 1556 2456 et
1579 2423 1781 2465 plerosque

139 2483 348 2523 magnates.

182 2537 219 2568 Si
244 2536 305 2568 hic
329 2538 484 2569 affectus
504 2539 578 2569 tam
597 2539 778 2571 atrociter
794 2539 1008 2580 puniemlns
1035 2540 1104 2577 est,
1125 2540 1211 2570 sunt
1237 2537 1297 2569 1110
1324 2540 1357 2569 01
1384 2536 1481 2577 apud
1501 2546 1567 2567 nos
1586 2534 1780 2567 ducenties

136 2594 285 2624 centuni
311 2592 430 2625 millia
454 2593 661 2628 hominum.
682 2595 745 2634 qui
764 2595 816 2626 sie
843 2595 967 2627 ass'ecti
993 2596 1091 2629 sunt,
1119 2603 1187 2625 1100
1214 2593 1288 2625 alia
1313 2602 1354 2624 re
1380 2601 1472 2633 opus
1499 2594 1553 2623 est
1581 2590 1653 2622 nisi
1671 2590 1776 2622 duee.

136 2647 268 2680 Miscet
286 2657 324 2680 se
343 2647 428 2680 huie
447 2649 600 2691 negotio
619 2649 686 2681 sub
702 2649 862 2682 honesto
881 2652 1056 2691 pretextu
1072 2649 1196 2681 aliena
1209 2648 1380 2690 rapiendi
1402 2647 1516 2679 libido
1536 2649 1571 2678 et
1589 2646 1776 2687 privatum
1839 2646 1844 2650 '

137 2701 305 2735 delorem
324 2702 548 2736 ulsciscendi
566 2705 764 2745 cupiditas.

181 2759 341 2798 Basilca,
362 2770 458 2793 anno
478 2760 574 2792 1522.

483 2833 675 2871 Erasmus,
693 2834 811 2877 Opera
826 2836 967 2869 omnia.
985 2833 1067 2867 deel
1083 2834 1150 2870 III.
1167 2843 1253 2875 pars
1272 2834 1300 2869 I.
1317 2833 1386 2866 blz.
1402 2832 1478 2870 741,
1498 2832 1573 2864 742.
1592 2849 1634 2854 —
1651 2829 1776 2863 Reeds

529 2889 567 2921 in
598 2889 707 2931 April
737 2889 821 2922 1518
854 2889 1005 2922 schreel'
1036 2889 1191 2923 XVillein
1224 2889 1411 2922 Nesenius
1439 2897 1557 2920 eenen
1587 2886 1685 2918 brier
1715 2884 1774 2916 vol

529 2943 839 2978 scheldwoorden
874 2954 964 2978 over
998 2945 1174 2978 Nieolaas
1203 2955 1271 2977 van
1303 2944 1474 2986 Eginond
1505 2953 1572 2975 :1:111
1602 2940 1773 2983 Zwingli,
