2096 3481
310 252 374 284 208
1007 245 1144 280 ANNO
1169 243 1252 277 1523

315 359 667 405 minderbroeder
691 371 774 401 van
798 357 1044 401 Mechelen.
1077 358 1263 401 Daartoe
1296 354 1401 397 door
1422 353 1503 397 den
1527 366 1632 409 paus
1666 352 1940 409 gemachtigd

314 429 432 472 heeft
450 429 588 471 Fraus
608 427 785 470 Vander
803 427 932 468 Hulst
949 428 1014 468 tot
1034 425 1290 480 inquisiteur
1307 423 1505 466 Nicolaas
1523 436 1605 464 van
1624 421 1817 478 Egmond
1839 434 1943 464 aan-

313 498 494 554 gesteld.
509 497 608 538 Men
628 501 740 550 zegt,
757 495 829 538 dat
847 495 898 550 zij
921 494 1034 537 allen
1054 507 1160 536 naar
1178 491 1363 536 Holland
1381 492 1522 535 zullen
1541 505 1650 547 gaan
1671 504 1740 534 om
1758 504 1805 533 er
1821 490 1944 533 Hoen

315 581 366 609 611
401 566 561 608 andere
584 577 866 620 gevangenen
893 568 936 605 te
954 576 1066 618 gaan
1100 561 1417 604 onderzoeken.
1440 560 1539 603 Men
1573 560 1608 602 is
1636 558 1823 602 beducht
1841 571 1946 602 voor

314 649 392 678 een
412 633 692 688 volksoproer
710 646 762 674 en
783 633 916 686 hoopt
933 636 1083 674 tevens
1107 630 1159 672 de
1177 631 1369 686 menigte
1389 642 1513 671 vrees
1531 642 1613 671 aan
1631 631 1675 670 te
1693 629 1844 684 jagen.

319 736 484 769 Historia
505 734 550 769 de
569 734 710 768 duobus
725 733 1051 777 auyustinensibus
1070 733 1111 766 ob
1129 732 1330 776 Euanyelz'j
1353 732 1562 766 doctrinam
1579 733 1716 765 exustis
1731 729 1947 770 Bruxellae,

358 790 416 824 die
438 791 632 834 criqesima
655 789 761 832 Jum‘j
793 788 885 832 (sic),
910 799 1008 822 armo
1037 788 1188 821 Domini
1220 787 1472 822 M.D.XXIII.
1502 806 1545 811 —
1573 786 1733 821 Articuli
1751 784 1865 820 LXII
1880 794 1951 829 per

358 845 501 879 eosdem
518 846 671 878 asserti.

365 921 584 954 Exhibitum
612 921 685 952 suit
713 920 820 953 nobis
850 920 953 953 hisce
983 920 1114 952 diebus
1144 920 1397 962 spectaculum
1426 918 1642 951 miserabile
1667 918 1843 956 dicerem,
1866 917 1896 949 si
1924 917 1951 949 ii

321 986 481 1017 quorum
511 976 725 1013 miserebat,
756 976 988 1016 spectatores
1018 975 1147 1007 miseri
1176 975 1247 1007 sibi
1276 976 1313 1006 ct
1343 984 1415 1006 non
1444 973 1651 1006 beatissimi
1679 973 1749 1005 visi
1779 973 1950 1005 fuissent.

320 1032 358 1064 Si
376 1033 481 1063 vacat
498 1032 535 1062 et
553 1030 713 1062 lubitum
732 1032 789 1061 est
808 1030 953 1068 audire,
975 1030 1101 1071 accipe
1120 1030 1248 1070 paucis
1267 1030 1321 1061 rei
1340 1038 1534 1061 summam.

363 1086 419 1119 Ex
451 1087 559 1117 coetu
595 1084 660 1116 illo
698 1085 1049 1126 Augustinensium,
1085 1085 1148 1125 qui
1180 1093 1225 1117 ex
1257 1084 1407 1116 civitate
1446 1083 1700 1124 Hantverpiae
1731 1081 1954 1114 Vilfordiam

320 1140 457 1182 captivi
489 1140 660 1181 perducti
689 1140 855 1175 fuerunt,
886 1141 963 1171 tres
992 1148 1147 1171 numero
1177 1139 1214 1170 in
1243 1138 1391 1171 haeresi
1420 1148 1487 1171 sua
1510 1138 1769 1180 perstiterunt,
1795 1137 1954 1169 caeteris

322 1195 553 1237 palinodiam
581 1194 814 1226 canentibus.
846 1193 949 1226 Nihil
979 1203 1052 1226 non
1082 1195 1264 1226 tentatum
1290 1196 1358 1232 est,
1385 1194 1426 1225 ut
1449 1194 1476 1225 ii
1504 1193 1660 1225 eandem
1684 1201 1795 1233 quam
1818 1192 1955 1224 fratres

321 1250 552 1287 cecinerant,
584 1251 764 1281 canerent
793 1249 1018 1281 cantionem.
1051 1249 1123 1281 Ubi
1152 1249 1327 1281 viderunt
1354 1257 1406 1287 se,
1437 1248 1571 1289 quibus
1595 1247 1633 1279 id
1657 1246 1802 1289 negocij
1830 1246 1957 1278 datum

326 1306 420 1339 crat.
439 1314 522 1336 cum
541 1304 666 1335 omnia
692 1304 861 1345 agerent,
881 1303 975 1335 nihil
1001 1312 1127 1345 agere,
1148 1303 1347 1335 decrevere
1372 1303 1528 1335 nimium
1552 1302 1764 1343 pertinaces
1788 1302 1956 1334 extremo

323 1360 479 1391 tradere
512 1357 709 1399 supplicio.
744 1357 1067 1399 Transportantur
1100 1357 1330 1396 Bruxellam,
1364 1359 1604 1390 asservantur
1631 1357 1669 1389 in
1697 1364 1848 1389 carcere
1877 1354 1958 1387 dili-

324 1415 470 1456 genter.
495 1413 732 1445 Conveniunt
749 1413 881 1445 eodem
898 1412 1099 1455 M[agistri]
1119 1411 1276 1455 N[ostri]
1293 1413 1546 1445 Lovanienses
1560 1412 1619 1453 (1).

369 1469 498 1505 Fama,
528 1468 616 1508 quia
640 1467 744 1499 nulla
770 1468 851 1500 fere
876 1468 974 1500 diem
1000 1467 1171 1509 supplicij
1197 1469 1467 1509 praecesserat,
1493 1476 1632 1508 paucos
1656 1465 1750 1499 alios
1775 1465 1889 1498 alium
1913 1465 1959 1497 de

325 1523 397 1556 11116
428 1523 627 1564 pertraxit.
658 1522 788 1554 Pridie
817 1522 1054 1554 Yisitationis
1083 1523 1268 1564 Deiparae
1296 1522 1465 1564 Virginis
1489 1521 1728 1554 concurritur
1754 1521 1793 1553 in
1820 1521 1959 1553 forum.

327 1578 568 1611 Conveniunt
597 1577 748 1609 ordines
780 1577 1074 1609 mendicantium
1111 1578 1198 1615 tres,
1230 1587 1351 1618 neque
1380 1578 1480 1609 enim
1507 1576 1647 1618 plures,
1677 1576 1732 1608 uti
1760 1576 1870 1614 nosti,
1899 1575 1961 1608 1116

329 1634 428 1669 511111,
462 1633 669 1673 praeeunte
698 1631 836 1664 vexillo
866 1632 1000 1670 crucis,
1027 1631 1144 1664 veluti
1170 1631 1304 1670 solent,
1324 1641 1407 1664 cum
1432 1631 1579 1664 solenni
1606 1639 1743 1673 pompa
1769 1630 1958 1663 incedunt.

330 1687 622 1720 Considcntibus
651 1687 783 1719 ordine
807 1687 883 1727 J'am
909 1695 1036 1719 sacrae
1063 1686 1278 1729 theologiae
1302 1687 1593 1728 professoribus,
1620 1685 1816 1718 abbatibus
1840 1685 1962 1717 mitris

331 1744 369 1775 et
386 1742 585 1784 gemmatis
598 1741 704 1782 pedis
722 1742 947 1782 conspicuis,
968 1742 1031 1782 qui
1048 1741 1130 1774 loco
1149 1742 1411 1783 cpiscoporum
1429 1741 1596 1779 aderant,
1617 1741 1654 1773 et
1671 1740 1755 1773 aliis
1772 1738 1962 1772 nonnullis

330 1798 369 1829 in
400 1796 557 1838 pulpito.
589 1796 684 1828 Nam
711 1795 899 1837 pulpitum
927 1798 1094 1829 erectum
1123 1798 1204 1829 crat
1231 1795 1468 1838 peramplum
1496 1797 1582 1829 ante
1610 1795 1823 1834 Basilicam,
1853 1803 1963 1835 quam

332 1851 446 1892 vulgo
465 1850 693 1883 senatoriam
712 1851 861 1883 domum
879 1853 1024 1883 vocant.

377 1906 451 1938 Sub
478 1905 609 1937 horam
638 1906 875 1937 undecimam
903 1907 1052 1938 ducitur
1075 1915 1143 1947 per
1168 1907 1292 1938 sorum
1311 1915 1329 1938 6
1356 1906 1476 1938 tribus
1502 1907 1591 1938 natu
1614 1905 1803 1943 minimus,
1823 1904 1899 1945 qui,
1924 1904 1966 1936 ut

335 1961 442 1993 annis
461 1960 504 1992 ab
524 1959 608 1992 aliis
626 1961 887 2000 superabatur,
913 1961 966 1993 ita
991 1961 1162 1993 doctrina
1186 1964 1223 1993 61
1245 1962 1421 1993 facundia
1446 1960 1672 2002 praestabat.
1693 1960 1834 1992 Ductus
1850 1959 1963 1997 intro,

334 2016 502 2055 inibique
526 2014 722 2056 paululum
748 2016 928 2053 moratus,
954 2016 1080 2056 prodit
1098 2016 1135 2047 in
1152 2015 1339 2057 pulpitum
1363 2016 1517 2047 indutus
1536 2014 1761 2047 sacerdotali
1776 2013 1964 2055 panoplia.

334 2070 377 2102 In
407 2070 528 2101 medio
558 2068 743 2101 collocata
770 2071 852 2102 erat
879 2079 1009 2102 mensa
1036 2070 1155 2102 instar
1184 2070 1313 2102 altaris
1342 2072 1474 2103 ornata
1498 2071 1536 2102 et
1558 2070 1734 2110 instrata3
1761 2070 1848 2101 ante
1871 2067 1967 2100 lianc

338 2124 445 2156 flexis
462 2124 623 2166 genibus
641 2124 865 2164 procumbit,
893 2125 945 2156 ibi
971 2134 1099 2157 omnes
1124 2124 1240 2157 veluti
1265 2126 1459 2166 stupentes
1484 2124 1613 2157 oculos
1630 2124 1796 2157 defixere
1812 2124 1850 2155 in
1868 2132 1965 2156 eum.

338 2178 487 2210 Nullam
522 2178 785 2218 trepidationis
818 2180 882 2210 aut
912 2179 1123 2220 perturbati
1157 2179 1271 2211 animi
1312 2180 1629 2221 significationem
1661 2186 1816 2211 cernere
1847 2177 1966 2210 licuit.

337 2234 386 2265 At
413 2234 521 2274 tergo
550 2233 760 2265 consistens
790 2234 1009 2266 concionem
1041 2234 1174 2275 incipit
1201 2234 1465 2266 minoritarum
1492 2234 1708 2276 gardianus‚
1739 2242 1785 2266 ex
1813 2232 1968 2265 adverso

338 2288 571 2320 ceremonias
611 2291 740 2328 aperto
783 2289 911 2321 codice
951 2289 1167 2330 auspicatur
1199 2289 1411 2330 episcopus.
1446 2289 1589 2321 Horam
1628 2290 1757 2326 totam,
1791 2288 1878 2320 dum
1909 2286 1971 2319 hic

339 2342 571 2375 ceremonias
596 2342 757 2384 peragit,
784 2342 849 2375 ille
876 2344 1133 2382 concionatur,
1152 2344 1284 2376 eodem
1301 2344 1470 2385 corporis
1495 2343 1625 2376 habitu
1642 2343 1821 2384 vultuque
1838 2341 1970 2375 eodem

338 2397 486 2439 Juvenis
505 2397 674 2429 durabat.

384 2452 477 2494 Ego,
509 2460 622 2492 quum
652 2452 958 2485 concionatorem
974 2461 1066 2494 prae
1094 2453 1205 2485 turba
1227 2452 1444 2495 intelligere
1469 2452 1677 2494 nequirem,
1704 2451 1803 2493 quod
1827 2451 1865 2484 et
1888 2449 1971 2483 aliis

342 2506 545 2544 accidebat,
581 2507 681 2538 totus
713 2507 954 2540 intendebam
986 2508 1024 2539 in
1051 2516 1171 2540 reum.
1204 2508 1311 2546 Quod
1337 2517 1467 2541 verum
1496 2517 1579 2541 esse
1606 2507 1764 2545 constat,
1794 2513 1971 2547 quorsum

342 2560 640 2594 dissimulemus?
657 2561 791 2594 Vultus
815 2562 1045 2603 compositus
1070 2564 1109 2595 et
1131 2562 1314 2604 placidus,
1335 2572 1410 2595 non
1426 2563 1537 2595 modo
1555 2562 1686 2595 mortis
1703 2561 1970 2602 contemptum,

344 2624 474 2649 verum
513 2616 626 2648 etiam
667 2625 850 2649 summam
891 2617 1115 2650 modestiam
1155 2626 1197 2650 ac
1237 2618 1563 2651 mansuetudinem
1606 2626 1697 2659 prae
1735 2625 1776 2649 se
1813 2615 1970 2649 ferebat.

391 2752 437 2792 (1)
462 2751 504 2784 In
533 2752 628 2793 zijne
657 2753 837 2785 Duitsche
864 2753 1054 2796 vertaling
1081 2756 1165 2797 zegt
1189 2755 1317 2787 Rabus
1343 2753 1439 2796 (decl
1464 2754 1513 2793 ΙΙ,
1538 2754 1603 2786 fol.
1631 2754 1706 2795 115)
1727 2763 1734 2786 :
1755 2768 1770 2781 n
1797 2752 1862 2785 Nit
1885 2751 1975 2792 lang

349 2804 513 2838 hernach
530 2807 637 2838 scind
654 2807 753 2849 gehn
772 2807 926 2840 Brussel
940 2808 1116 2841 kommen
1131 2809 1191 2842 die
1204 2809 1415 2842 Leuischen
1429 2810 1585 2841 doctorn
1599 2810 1653 2850 (so
1671 2818 1757 2841 man
1773 2807 1974 2849 magistros

349 2862 496 2892 nostros
515 2862 666 2902 nennet)
684 2862 753 2894 mit
770 2871 942 2895 nammen
961 2863 1177 2902 Hochstrat‚
1197 2864 1477 2906 Egmondanus,
1496 2863 1739 2902 HodscalcuS,
1757 2860 1972 2899 Lathomus,

349 2914 535 2947 Ruardus.
553 2915 646 2948 Item
665 2916 810 2949 Pascha
827 2918 887 2950 ein
903 2917 1081 2950 Carmelit
1097 2928 1167 2950 von
1186 2919 1370 2952 Mechcln.
1393 2935 1408 2948 η
