2096 3481
348 289 410 322 418
1029 283 1166 317 ANNO
1193 284 1276 317 1525

346 395 559 439 spirituales
584 396 726 429 hostias
751 395 867 428 offere
893 393 1054 428 Domino
1080 393 1254 426 iubemur
1267 393 1329 435 (1).
1354 392 1460 425 Alios
1485 392 1605 425 nescit
1629 391 1790 425 ecclesia
1805 391 1872 424 illa
1889 391 1972 430 Dei,

347 451 485 484 Christi
502 459 646 492 sponsa,
665 450 894 483 sacerdotes.
913 449 1034 482 Porro
1053 449 1179 481 autem
1196 448 1302 481 verbi
1319 447 1472 480 interim
1496 447 1659 479 ministri
1677 448 1714 480 et
1730 446 1975 480 ecclesiarum

345 507 590 547 inspectores,
617 514 662 538 ex
689 504 871 538 ecclesiae
897 503 1100 545 suffragiis,
1134 505 1198 535 aut
1229 502 1424 545 eliguntur
1449 502 1513 534 aut
1541 503 1724 534 vocantur
1751 511 1772 533 a
1799 501 1973 534 Domino.

389 559 645 594 Enchusanus.
682 560 739 601 Dij
773 558 1018 597 immortales,
1053 558 1142 599 quid
1178 558 1252 591 dici
1286 558 1413 600 potest
1451 557 1662 596 absurdius,
1696 566 1807 598 quam
1846 565 1975 589 omnes

346 616 573 649 christianos
587 624 669 648 esse
688 615 924 648 sacerdotes?

390 670 659 706 Rosemundus.
687 669 804 708 Quid?
827 669 966 703 licetne
993 667 1216 701 mulieribus
1245 668 1358 701 etiam
1381 676 1462 701 rem
1487 675 1632 700 sacram
1655 667 1795 706 facere,
1823 665 1975 709 praedi-

344 735 433 759 care
450 725 589 768 populo
607 725 764 759 verbum
781 725 852 758 Dei
871 726 910 758 et
925 724 1141 765 baptizare?

389 781 603 815 Montanus.
631 780 798 814 Mosaica
815 779 877 813 lex
895 788 970 812 non
987 778 1102 811 habet
1119 777 1191 810 nisi
1208 777 1366 811 Levitici
1384 778 1536 821 generis
1552 777 1768 811 sacerdotes
1785 776 1847 819 (2).

393 835 648 870 Enchusanus.
669 836 707 868 Si
725 844 855 868 omnes
872 834 948 867 sint
964 834 1192 872 sacerdotes,
1210 833 1285 866 iam
1302 833 1593 866 tumultuabitur
1610 832 1712 866 orbis
1736 831 1977 869 christianus,

349 894 386 925 et
411 891 535 925 nullus
560 891 652 924 ordo
676 891 715 923 in
740 889 901 923 ecclesia
922 888 1146 926 servabitur,
1167 889 1300 922 contra
1322 888 1557 930 Apostolum,
1585 888 1648 929 qui
1673 887 1789 920 dicit:
1810 900 1826 914 u
1845 885 1980 920 Omnia

353 948 530 980 decenter
546 948 584 979 et
601 946 806 979 secundum
824 944 996 977 ordinem
1015 944 1118 977 fiant.
1137 959 1152 972 η

405 1001 614 1035 Wordenas.
630 1001 726 1039 Quid
742 1001 807 1037 ita,
823 1008 975 1041 quaeso,
995 1008 1124 1032 omnes
1141 998 1252 1031 simul
1269 999 1471 1032 intonatis?
1484 999 1678 1040 Loquatur
1697 1006 1794 1031 unus
1812 996 1979 1030 omnium

353 1058 517 1096 nomine,
536 1057 577 1089 ut
594 1056 708 1089 sciam
726 1055 815 1097 quid
832 1055 892 1087 cui
909 1055 1171 1096 respondeam.

393 1112 605 1146 Montanus.
627 1110 830 1144 Contendis
847 1109 1033 1151 imprimis
1051 1118 1180 1142 omnes
1199 1109 1425 1142 christianos
1442 1118 1524 1143 esse
1542 1109 1770 1142 sacerdotes.

397 1165 614 1201 IVordenas.
635 1166 739 1205 Sunt,
759 1166 813 1198 sic
838 1165 986 1198 dicente
1004 1165 1165 1198 Domino
1186 1174 1192 1196 :
1215 1178 1230 1191 u
1249 1165 1335 1198 Mea
1358 1166 1416 1198 est
1440 1165 1561 1197 omnis
1585 1166 1690 1198 terra
1717 1164 1755 1197 et
1777 1171 1842 1195 vos
1871 1161 1978 1195 eritis

347 1223 439 1256 mihi
456 1223 494 1255 in
511 1230 671 1264 regnum
689 1219 923 1254 sacerdotale
938 1221 975 1253 et
992 1229 1085 1263 gens
1098 1221 1228 1253 sancta
1241 1220 1300 1262 (3).
1318 1235 1333 1248 n
1353 1219 1425 1252 Hic
1442 1219 1542 1252 solos
1559 1220 1709 1253 Levitas
1722 1227 1798 1251 non
1815 1216 1981 1259 appellat

353 1278 547 1314 Dominus,
574 1277 639 1310 sed
664 1277 881 1309 universum
905 1274 1113 1308 Israelem:
1141 1275 1230 1316 quin
1256 1275 1287 1307 si
1313 1275 1503 1307 Christum
1528 1276 1687 1316 spectes,
1714 1281 1842 1306 sumus
1859 1273 1897 1305 et
1913 1280 1982 1304 nos

353 1343 399 1366 ex
429 1342 503 1365 non
536 1332 683 1365 dilectis
715 1330 844 1364 dilecti
858 1330 916 1371 (4).
957 1329 1063 1363 Idem
1098 1330 1268 1362 tribuens
1308 1331 1447 1363 Petrus
1481 1329 1632 1363 Iudaeis
1667 1329 1707 1361 in
1745 1327 1982 1369 dispersione

356 1388 597 1431 congregatis
617 1397 624 1419 ε
645 1400 660 1414 κ
680 1386 754 1419 Vos
776 1387 879 1424 estis,
899 1386 1021 1426 inquit
1035 1385 1095 1426 (5),
1115 1394 1235 1427 genus
1260 1385 1434 1422 electum,
1453 1384 1584 1427 regale
1608 1384 1873 1422 sacerdotium,
1892 1390 1985 1425 gens

357 1445 497 1481 sancta,
512 1442 672 1484 populus
690 1441 896 1482 acquisitae
914 1439 1059 1472 salutis.
1077 1455 1092 1467 „
1109 1439 1200 1472 Cum
1214 1439 1308 1473 haec
1325 1441 1379 1473 ita
1394 1440 1570 1478 habeant,
1586 1439 1703 1472 nolim
1717 1440 1842 1472 tamen
1856 1446 1985 1470 omnes

356 1498 462 1531 verbi
490 1497 741 1530 ministerium
767 1496 838 1528 sibi
862 1504 1059 1537 usurpare.
1086 1495 1206 1528 Nemo
1232 1495 1333 1528 enim
1357 1494 1434 1527 illis
1457 1495 1628 1537 partibus
1655 1494 1793 1536 dignus
1817 1494 1886 1531 est,
1912 1491 1986 1524 nisi

359 1554 423 1595 qui
441 1554 594 1586 vocetur
612 1561 633 1584 a
649 1552 742 1591 Deo,
762 1552 938 1592 tanquam
954 1550 1094 1583 Aaron.
1115 1550 1336 1583 Sacerdotes
1354 1551 1481 1591 itaque
1499 1559 1626 1583 sumus
1645 1558 1787 1590 omneS,
1802 1548 1986 1589 quatenus

359 1608 558 1649 sacerdoti]
586 1606 726 1640 Christi
753 1606 958 1648 participes
987 1615 1126 1644 summ,
1158 1606 1342 1646 quatenus
1371 1615 1455 1638 cum
1485 1605 1634 1639 Christo
1651 1604 1814 1637 hostiam
1831 1602 1879 1645 (6)
1906 1602 1986 1635 Deo

357 1658 517 1707 gratam}
547 1661 770 1695 rationalem
799 1660 942 1693 cultum
973 1662 1144 1693 nostrum
1170 1661 1249 1693 Deo
1275 1661 1481 1698 offerimus,
1508 1661 1546 1694 et
1569 1669 1616 1694 ex
1639 1659 1835 1692 charitatis
1859 1657 1985 1690 debito

357 1728 426 1760 pro
455 1717 742 1751 necessitatibus
766 1717 926 1749 fratrum
950 1717 1080 1754 mutuo
1105 1716 1387 1749 intercedimus.

400 1771 657 1807 Enchusanus.
678 1772 795 1813 Pape,
814 1780 925 1812 quam
942 1770 1187 1803 multifariam
1205 1772 1307 1804 errat
1324 1771 1385 1804 hic
1404 1771 1537 1804 homo!

403 1827 673 1862 Rosemundus.
695 1827 779 1859 Non
796 1827 833 1859 te
850 1826 986 1858 horum
1002 1826 1138 1867 pudet?
1927 1852 1930 1856 .

399 1883 610 1917 Montanus.
640 1882 786 1915 Insanis
809 1881 1042 1923 planissime,
1069 1881 1133 1922 qui
1161 1881 1313 1923 quidem
1346 1890 1475 1915 omnes
1504 1881 1731 1914 christianos
1758 1879 1986 1923 pronuncies

359 1939 588 1972 sacerdotes.

409 1993 628 2028 Wordenas.
658 1993 842 2034 Equidem
867 2001 1036 2025 crassum
1060 1992 1166 2024 vobis
1195 1991 1410 2034 exemplum
1435 1992 1530 2025 dabo
1558 2001 1565 2024 :
1593 1991 1700 2030 Quod
1728 1991 1774 2024 ad
1801 1990 1989 2024 rationem

359 2049 500 2083 conditi
526 2048 689 2081 hominis
714 2048 861 2087 attinet,
881 2057 927 2080 an
956 2057 1031 2080 non
1061 2057 1145 2090 ego,
1175 2048 1282 2081 iuxta
1309 2048 1421 2088 atque
1447 2047 1659 2089 Imperator
1683 2045 1852 2087 Carolus,
1877 2045 1989 2078 homo

359 2105 460 2138 sum?
488 2104 645 2137 Interim
673 2103 753 2145 ipse
783 2102 967 2135 salutatur
995 2102 1208 2144 Imperator
1236 2112 1283 2136 ex
1311 2102 1511 2142 electione,
1541 2112 1616 2136 non
1648 2102 1858 2139 nativitate,
1892 2109 1987 2142 quae

356 2160 449 2193 mihi
466 2169 550 2192 cum
566 2158 632 2191 illo
657 2160 715 2192 est
738 2158 964 2199 communis3
984 2167 1055 2200 ego
1080 2167 1182 2197 vero,
1202 2157 1285 2191 loco
1312 2158 1532 2191 obscuriore
1550 2159 1672 2197 natus,
1690 2157 1860 2199 privatus
1877 2156 1988 2198 dego.
2013 2169 2018 2179 ι

403 2214 615 2249 Montanus.
635 2214 721 2246 Non
739 2215 796 2246 est
812 2212 948 2246 simile.

404 2268 659 2304 Enchusanus.
689 2268 775 2302 Alia
801 2267 916 2310 longe
945 2268 1042 2300 ratio
1072 2269 1130 2301 est
1158 2268 1302 2301 ordinis
1332 2267 1589 2308 sacerdotalis,
1615 2268 1654 2301 in
1679 2277 1751 2310 quo
1773 2267 1882 2301 nobis
1911 2265 1993 2299 cha-

362 2325 488 2358 racter
505 2324 735 2366 imprimitur
751 2323 930 2356 indebilis
944 2323 1005 2364 (7).

405 2378 678 2415 Rosemundus.
697 2378 783 2420 Ipse
802 2378 909 2411 nobis
926 2377 1063 2411 multas
1081 2378 1351 2412 similitudines
1369 2379 1533 2412 adducit.

407 2434 663 2469 Enchusanus.
691 2434 799 2467 Nunc
822 2434 939 2475 patet,
959 2434 1059 2474 quod
1081 2433 1179 2467 male
1203 2435 1346 2467 sentias
1371 2435 1417 2468 de
1440 2434 1675 2468 sacramento
1695 2433 1860 2473 Ordinis,
1880 2441 1993 2475 quem

364 2500 447 2524 cum
464 2490 640 2533 magistro
658 2491 722 2522 tuo
741 2488 908 2522 Luthero
926 2488 1041 2530 impie
1055 2489 1148 2522 adeo
1165 2489 1308 2531 rejicis.

409 2645 457 2689 (1)
480 2649 527 2681 In
550 2648 722 2690 marqz'ne
740 2656 747 2680 :
773 2645 817 2680 In
835 2645 984 2680 Christo
1003 2656 1131 2681 omnes
1148 2657 1276 2681 sumus
1294 2648 1524 2683 sacerdotes.

409 2703 456 2744 (2)
545 2702 651 2735 Idem
742 2711 750 2734 ;
775 2701 1006 2735 Iudaismum
1023 2702 1176 2745 ingerit.

409 2758 455 2796 (3)
545 2756 649 2790 Idem
742 2766 750 2789 ε
776 2756 924 2795 Exodii,
944 2756 997 2790 19.

412 2812 458 2855 (4)
550 2810 653 2845 Idem
744 2821 751 2843 ε
777 2812 836 2844 Ad
851 2812 1056 2852 Romanos,
1075 2812 1107 2845 9.

413 2867 460 2908 (5)
548 2866 653 2900 Idem
745 2874 752 2898 ε
778 2867 908 2899 Prima
925 2867 1044 2907 Petri,
1062 2868 1095 2901 2.

413 2921 447 2962 (6
450 2931 460 2962 )
549 2920 654 2953 Idem
746 2931 753 2953 :
780 2920 882 2959 Quae
899 2921 1192 2956 christianorum
1209 2923 1367 2957 hostiae.

413 2976 460 3017 (7)
549 2975 654 3009 Idem
745 2985 753 3008 :
781 2976 809 3009 O
827 2976 1036 3010 character.
