2096 3481
789 240 925 273 ANNO
952 240 1034 273 1523
1668 244 1730 277 153

448 348 662 390 Argmlrukt
685 349 734 390 bij
761 349 961 385 Burscher.
977 349 1315 395 Autoyraphorum‚
1333 350 1732 387 illuso-antiumratio-

491 412 574 435 nem
586 414 679 447 quae
690 405 890 437 intercessit
909 405 1068 438 Erasmo
1080 405 1302 440 Rocerdamo
1317 418 1399 441 cum
1412 406 1510 440 aulis
1538 413 1569 442 et
1594 407 1733 441 homni-

488 457 552 490 bus
561 459 644 491 aeui
654 460 714 491 sui
723 460 933 502 praecipuis
947 461 1119 503 omnique
1131 461 1320 504 republica
1329 462 1725 506 Spicz'leqz'umXXVII,

489 513 556 545 hlz.
578 513 619 546 V.
644 532 688 538 —-
720 515 854 548 Petrus
874 515 1082 556 VVyekinan
1113 526 1187 548 was
1206 518 1367 558 priester
1384 527 1429 550 en
1463 516 1659 550 kanunnik
1690 522 1725 551 te

490 568 720 601 Anderhaeeht
738 570 785 610 bij
808 569 972 602 Brnssel.
998 570 1052 611 Rij
1082 570 1165 603 hein
1192 571 1261 604 11:111
1285 572 1464 605 Erasmus
1487 572 1615 605 abluar
1632 583 1731 606 vroe-

493 631 562 665 ger
579 624 738 667 eenigen
755 625 820 666 tijd
835 624 1123 667 ‹lom-gebracht.

853 767 969 810 130.

171 902 310 947 1523,
339 896 479 952 April
508 901 581 948 17,
610 897 770 941 Bac-el.
802 894 1042 938 Uittreksel
1083 897 1144 940 uit
1178 911 1313 939 eenen
1346 896 1460 940 brief
1484 912 1564 941 van
1603 899 1732 942 Eras-

99 982 193 1011 mus
216 982 298 1011 aan
317 968 462 1012 Pieter
486 967 722 1019 Barbirius,
761 970 992 1012 secretaris
1027 983 1108 1012 van
1133 983 1238 1025 paus
1275 970 1468 1014 Adriaan
1508 973 1584 1022 VI,
1627 987 1732 1016 over

99 1038 152 1080 de
170 1037 422 1094 smadelijke
440 1036 732 1093 behandeling
755 1051 837 1080 van
857 1038 1051 1081 Cornelis
1086 1039 1223 1090 Hoen,
1247 1039 1314 1082 die
1333 1039 1375 1081 in
1403 1040 1543 1096 ziJnen
1569 1041 1731 1085 kei-ker

98 1106 203 1149 door
241 1106 322 1148 den
361 1105 599 1162 hatelijken
639 1106 974 1150 kettermeester
1011 1107 1212 1151 Nicolaas
1247 1122 1330 1152 van
1367 1109 1564 1164 Egmond
1609 1112 1730 1154 werd

100 1174 418 1231 ondervraagd.

141 1263 318 1304 Inprimis
345 1263 551 1295 cavendum
577 1272 623 1295 ne
641 1262 822 1295 tumultus
847 1263 961 1296 semel
980 1264 1135 1301 oriatur,
1156 1266 1256 1306 quod
1272 1267 1382 1299 audio
1409 1269 1548 1301 sactum
1565 1269 1731 1310 Erphor-

99 1318 181 1351 (liae
196 1318 256 1359 (1),
276 1318 339 1350 ubi
364 1317 524 1360 singulis
543 1318 672 1350 dicbus
687 1319 905 1351 occiduntcr
922 1319 1050 1360 aliqui.
1076 1319 1186 1361 Apud
1211 1330 1290 1360 nos,
1322 1323 1470 1355 tametsi
1485 1323 1600 1356 stulta
1617 1324 1731 1357 incle-

97 1370 250 1408 mentia,
280 1370 517 1413 Egmondani
542 1372 579 1402 et
618 1370 719 1402 illius
748 1369 917 1412 collegae
935 1371 1086 1411 quidam
1113 1372 1269 1415 indigne
1303 1375 1451 1407 tractati
1477 1378 1574 1414 sunt,
1607 1378 1730 1410 tamen

97 1423 244 1464 gaudeo
262 1423 427 1455 nondum
445 1424 596 1455 ventum
615 1423 659 1455 ad
673 1432 816 1460 manus,
847 1422 996 1464 alioque
1010 1423 1123 1456 finem
1141 1425 1259 1457 nescit
1276 1428 1405 1459 mutua
1422 1427 1583 1461 laniena.

143 1477 339 1510 Cornelius
358 1477 478 1515 Hoen,
494 1478 552 1509 vir
569 1478 744 1519 optimus,
760 1479 801 1510 ut
817 1478 941 1517 audie,
956 1479 1081 1511 fuerat
1096 1480 1293 1512 restitutus
1310 1491 1378 1522 per
1395 1482 1535 1524 aulam3
1551 1493 1635 1516 eum
1650 1486 1730 1517 arte

98 1534 338 1565 retraxerant
369 1533 406 1564 in
441 1541 564 1565 arcem
593 1533 790 1573 quandam,
815 1533 867 1565 ibi
895 1533 1145 1566 convicissent
1177 1534 1283 1567 illum
1312 1535 1514 1570 haerescos
1542 1539 1642 1579 (nam
1669 1539 1730 1572 hie

100 1587 368 1629 Egmondanus
385 1587 533 1620 felicius
551 1589 837 1630 argumentatur
861 1597 971 1629 quam
991 1588 1029 1620 in
1055 1588 1232 1631 scholis);
1252 1600 1382 1623 verum
1411 1591 1514 1625 illico
1547 1593 1730 1627 liberatus

101 1643 158 1675 cst
181 1651 250 1684 per
266 1641 491 1675 Hellandiae
509 1651 698 1684 proceres.
719 1642 789 1675 Hie
803 1642 1016 1676 hacreticus
1034 1645 1126 1683 crat,
1144 1645 1243 1685 quod
1272 1654 1384 1679 ausus
1409 1647 1458 1680 sit
1474 1657 1558 1680 cum
1572 1649 1731 1692 Egmon-

101 1698 196 1730 dano
215 1697 419 1738 disputare.

142 1751 338 1785 Cornelius
355 1752 552 1785 restitutus
570 1754 638 1790 est,
658 1753 723 1785 sed
745 1753 826 1786 (lire
842 1762 974 1794 passus
991 1753 1164 1796 indigna3
1182 1764 1279 1788 nune
1298 1756 1446 1789 denium
1461 1759 1658 1791 restitutus
1673 1761 1731 1792 cst

99 1809 137 1840 et
153 1806 330 1840 Nicolaus
346 1811 474 1840 noster
488 1808 546 1839 vir
563 1808 844 1850 integerrimus.
864 1808 941 1841 Nee
957 1809 1085 1841 dubito
1111 1810 1199 1849 quin
1218 1809 1276 1842 his
1295 1813 1523 1846 succurrerit
1540 1815 1730 1854 pontificis

99 1862 287 1902 aequitas3
318 1862 458 1894 rectius
490 1867 613 1895 tamen
639 1864 796 1901 factura,
817 1863 847 1894 si
863 1863 956 1895 tales
974 1864 1036 1904 qui
1055 1864 1132 1896 suis
1150 1865 1329 1904 moribus,
1349 1868 1492 1899 eunctis
1510 1871 1547 1901 et
1561 1869 1668 1901 bonis
1693 1871 1731 1902 et

98 1916 207 1949 malis
238 1917 349 1949 invisi
367 1919 465 1955 sunt,
485 1919 709 1955 cxarmaret,
742 1918 967 1959 pracsertim
991 1919 1029 1951 in
1059 1920 1133 1951 tam
1166 1920 1283 1953 arduo
1313 1923 1477 1964 negotio.
1505 1923 1650 1961 Quaeso
1679 1926 1727 1963 te,

98 1971 331 2004 carmelitam
360 1972 473 2004 istum
506 1973 610 2005 tanta
633 1981 780 2005 armare
809 1974 1046 2012 auctoritate,
1088 1974 1178 2016 quid
1207 1975 1311 2008 aliud
1337 1978 1418 2009 erat
1446 1987 1556 2018 quam
1587 1979 1729 2012 furioso

100 2027 249 2060 tradere
273 2026 462 2070 gladium?

448 2093 638 2133 Erasmus
661 2093 779 2138 Opera
796 2095 935 2133 omnia,
955 2094 1037 2128 (leel
1055 2095 1122 2135 III,
1138 2105 1225 2138 pars
1244 2097 1273 2136 Ι,
1293 2097 1362 2137 blz‚
1381 2097 1457 2138 766,
1476 2098 1551 2131 767.

866 2240 971 2283 131.

167 2375 306 2422 1523,
334 2370 475 2426 April
502 2375 578 2421 22,
609 2369 922 2423 (Meclzelenffl.
953 2367 1194 2412 Uittreksel
1231 2370 1291 2412 uit
1334 2383 1471 2413 eenen
1511 2370 1626 2414 brief
1652 2372 1730 2415 der

97 2441 389 2498 landvoogdes
409 2441 692 2498 Margaretha
709 2455 789 2484 aan
811 2442 956 2484 keizer
974 2441 1107 2484 Karel
1130 2455 1234 2484 over
1257 2442 1310 2485 de
1333 2447 1487 2499 groote
1514 2444 1728 2489 onkosten

97 2524 182 2553 van
224 2511 276 2553 de
311 2509 675 2566 gevangensehap
742 2510 819 2552 der·
858 2510 1151 2566 Augustijnen
1191 2514 1233 2554 te
1289 2511 1522 2556 Vilvoorde
1559 2528 1610 2556 en
1651 2514 1729 2557 der

98 2578 332 2622 verdachte
362 2579 530 2622 ketters
563 2583 606 2622 te
639 2580 911 2635 Antwerpen
954 2592 1006 2621 en
1044 2580 1086 2621 in
1124 2579 1328 2623 Holland.
1365 2581 1564 2635 (Vander
1596 2583 1727 2627 Hulst

97 2647 215 2692 dur-ft
237 2648 331 2690 zich
356 2662 463 2691 naar
488 2647 672 2690 Helland
696 2647 785 2690 niet
809 2661 927 2690 meet·
955 2647 1187 2704 begeven).

138 2737 184 2770 Je
202 2746 293 2769 vous
317 2746 362 2779 ay
391 2737 599 2778 avertique
625 2737 670 2770 de
689 2736 899 2770 l'auctorite
918 2737 962 2770 «le
990 2738 1116 2770 nostre
1135 2737 1169 2770 St
1195 2738 1292 2771 Poro
1319 2737 1456 2780 j'eussc
1483 2739 1551 2772 fait
1568 2740 1727 2774 demolit-

97 2792 132 2826 le
150 2794 362 2826 monastero
376 2793 440 2825 des
455 2793 651 2835 augustius
669 2801 715 2826 en
732 2793 876 2826 Anvers
894 2793 931 2825 et
949 2801 1019 2834 que
1032 2793 1155 2835 partie
1170 2793 1272 2826 (lesd.
1293 2794 1491 2837 augustius
1505 2796 1605 2829 toust
1618 2798 1727 2830 meno

139 2930 186 2971 (1)
204 2929 256 2963 Te
271 2929 413 2969 Erturt,
429 2939 530 2964 waar
546 2939 615 2964 een
633 2930 809 2974 bloodige
831 2929 1100 2973 volksopstand
1116 2929 1190 2964 had
1207 2930 1327 2974 plaats
1346 2941 1550 2976 gegrepen.
