2096 3481
358 311 400 343 5ss
1046 304 1184 339 ANNO
1210 305 1293 339 1521

359 419 465 451 libris
505 417 706 458 reperitur,
751 416 787 448 id
834 417 946 448 antea
979 424 1002 448 a
1038 415 1177 448 sanctis
1215 416 1398 457 patribus,
1439 425 1532 457 quos
1574 416 1734 450 ecclesia
1773 416 1917 458 recepit
1947 416 1986 449 et

356 472 588 514 approbavit,
622 480 735 512 saepe
760 471 900 502 dictum
929 471 967 502 ct.
998 470 1147 512 saepius
1171 471 1387 512 repetitum,
1424 471 1564 512 absque
1592 471 1706 504 ullius
1733 470 1892 513 periculi
1920 471 1986 504 aut

355 528 442 560 mali
467 526 694 568 suspicione,
728 525 805 567 legi
834 526 872 557 01
889 524 1020 558 haberi
1048 526 1184 566 potest.

397 583 619 623 Eaproptcr,
645 581 712 613 sub
742 580 882 612 eisdem
900 580 1033 621 poenis
1057 580 1230 612 omnibus
1259 581 1297 612 ct
1315 580 1475 621 singulis
1500 581 1737 622 supradictis,
1756 591 1822 614 vos
1840 589 1982 619 omnes,

355 639 392 669 ct
420 636 579 677 quilibet.
603 638 781 671 vestrum,
809 636 884 666 tani
916 634 1107 676 principes
1135 644 1246 675 quam
1269 635 1345 673 alii,
1373 636 1418 668 ad
1447 645 1540 676 quos
1567 636 1753 677 J'ustitiam
1781 627 1983 677 quomodo-

355 692 447 724 libet
477 691 642 733 pertinet.
673 690 902 727 ministrare,
937 690 975 721 ct
998 689 1062 721 alii
1087 689 1300 730 quicunque
1324 690 1362 722 in
1394 691 1569 723 universo
1595 691 1767 732 imperio,
1793 690 1924 733 regnis
1947 690 1986 723 et

354 747 528 779 dominiis
547 745 686 778 nostris
703 744 910 782 constituti,
931 744 1193 785 hujuscemodi
1210 745 1411 786 pestiferos
1429 745 1584 778 Martini
1601 745 1731 784 libros,
1751 747 1826 778 tam
1849 745 1985 779 alema-

355 802 457 833 nicos
482 810 592 842 quam
628 799 778 835 latinos,
812 800 1016 840 impressos
1049 800 1088 831 01
1118 799 1399 840 imprimendos,
1431 801 1495 832 aut
1522 801 1636 832 etiam
1666 809 1778 833 manu
1810 800 1983 842 scriptos,

354 857 565 896 ubicunque
590 855 830 896 reperiantur
854 854 1000 894 (utpote
1027 863 1188 896 magnae
1215 854 1425 893 seditionis,
1455 854 1679 893 schismatis,
1721 855 1921 888 haereseos
1945 854 1987 898 in,

353 911 513 944 eeclesia
536 911 605 943 Dei
633 910 797 949 fomites)
827 909 1059 950 diripiendos
1091 909 1130 941 et
1155 909 1306 950 publico
1332 909 1411 951 igni
1447 910 1733 949 consumendos,
1759 910 1984 951 penitusque

353 966 557 998 abolendos
588 975 671 997 011111
704 965 839 997 effectu
871 964 1030 1003 curetis3
1061 963 1352 1004 apostolicisque
1377 965 1535 1003 nunciis,
1562 974 1628 997 scu
1656 974 1787 997 eorum
1815 964 1985 1006 commis-

353 1021 474 1056 sariis,
505 1021 535 1052 si
561 1029 714 1061 operam
742 1021 905 1051 vestram
934 1019 981 1051 ad
1008 1019 1106 1051 hanc
1132 1028 1213 1052 rem
1240 1019 1496 1060 requisierint,
1527 1019 1691 1052 fideliter
1718 1021 1757 1052 ct
1780 1019 1984 1062 diligenter

353 1076 548 1111 assistatis.
583 1077 621 1107 ct
653 1074 897 1106 nihilominus
924 1074 963 1106 in
995 1083 1127 1106 eorum
1155 1074 1326 1107 absentia
1355 1083 1424 1115 per
1450 1084 1516 1106 vos
1544 1075 1645 1116 ipsos
1677 1074 1771 1107 haec
1801 1075 1855 1107 sic
1885 1075 1981 1113 fieri,

354 1133 482 1162 nostro
501 1131 650 1162 nominc
669 1132 706 1162 et
728 1130 847 1169 Jussu‚
875 1129 1026 1161 omnino
1050 1130 1089 1161 01
1103 1129 1231 1170 reipsa
1253 1129 1412 1161 13013115.
1438 1129 1481 1162 10
1506 1138 1578 1170 quo
1597 1129 1769 1162 omnibus
1790 1129 1980 1168 fidelibus,

353 1185 512 1223 dilectis,
531 1185 691 1217 subditis
709 1184 860 1222 nostris,
876 1185 918 1216 ut
934 1184 1039 1216 vobis
1057 1193 1099 1216 ac
1116 1184 1324 1216 nobismet
1315 1184 1406 1224 ipsis
1421 1184 1598 1217 assistant
1614 1185 1652 1217 et
1667 1185 1836 1226 pareant,
1852 1185 1983 1217 tenore

351 1240 607 1282 praesentium
624 1239 692 1271 sub
706 1239 848 1272 eisdem
865 1239 997 1280 poenis
1014 1239 1247 1281 injungimus
1261 1239 1299 1271 et
1314 1239 1546 1271 mandamus.

394 1295 546 1332 Verum,
578 1294 666 1335 quia
690 1294 852 1326 maxime
877 1294 1083 1327 cavendum
1107 1294 1176 1331 est,
1204 1302 1250 1326 nc
1267 1293 1421 1326 Martini
1446 1293 1534 1326 libri
1557 1294 1621 1326 aut
1644 1303 1690 1327 ex
1714 1272 1790 1326 11115
1807 1295 1986 1336 excerpta

352 1350 462 1388 mala,
482 1358 684 1390 suppresso
709 1350 773 1381 aut
797 1349 910 1381 etiam
928 1350 1070 1381 mutato
1097 1348 1267 1381 authoris
1291 1348 1456 1387 nomine,
1481 1348 1733 1390 publicentur,
1759 1349 1848 1390 quia
1870 1350 1985 1382 etiam

354 1415 426 1437 non
445 1405 527 1437 sine
543 1413 681 1446 magna
697 1404 811 1436 animi
829 1404 948 1436 nostri
963 1404 1106 1436 offensa
1120 1403 1259 1435 multos
1277 1403 1445 1443 quotidie
1462 1403 1630 1436 videmus
1648 1405 1686 1436 01
1702 1404 1885 1443 audimus,
1899 1414 1984 1437 cum

355 1459 457 1497 alibi,
478 1462 555 1491 tum
580 1459 741 1491 maxime
766 1459 805 1491 in
830 1459 1043 1497 Germania,
1069 1458 1244 1499 componi
1269 1459 1307 1490 01
1329 1458 1495 1499 imprimi
1520 1457 1650 1497 libros,
1677 1458 1848 1500 pluribus
1874 1459 1983 1492 malis

353 1515 618 1547 traditionibus
644 1517 682 1546 et
709 1513 893 1554 exemplis
919 1514 1094 1551 refertos,
1123 1515 1162 1545 et
1192 1522 1239 1545 110
1271 1522 1346 1545 non
1378 1513 1479 1545 omni
1504 1514 1586 1545 astu
1618 1515 1657 1545 ct
1687 1513 1773 1546 dolo
1797 1514 1983 1548 humanae

352 1571 508 1602 naturae
532 1569 652 1601 hostis
669 1568 885 1602 christianis
902 1559 1204 1609 laqueos'tcndat
1219 1567 1370 1606 multos,
1389 1568 1529 1609 passim
1547 1568 1734 1610 divulgari
1755 1569 1922 1610 picturas
1945 1570 1984 1603 et

351 1625 549 1666 imagines,
580 1634 655 1656 non
683 1624 722 1656 in
752 1623 996 1665 opprobrium
1023 1623 1133 1655 modo
1162 1623 1393 1664 privatarum
1421 1631 1681 1664 personarum,
1710 1623 1776 1656 sed
1799 1624 1838 1656 et
1863 1624 1982 1666 ipsius

352 1680 488 1712 summi
511 1679 703 1720 pontificis
734 1680 773 1711 ct
803 1679 903 1711 sedis
935 1677 1165 1720 apostolicae
1189 1677 1455 1710 contumeliam
1487 1678 1744 1720 excogitatas3
1769 1687 1816 1711 ex
1847 1679 1981 1720 quibus

353 1734 525 1767 omnibus
543 1734 650 1766 libris
668 1735 706 1766 01
722 1733 880 1775 picturis
898 1733 1039 1766 Christi
1062 1733 1193 1765 fideles
1216 1733 1256 1765 in
1279 1733 1463 1765 maximos
1480 1733 1556 1765 tam
1572 1733 1611 1765 in
1628 1733 1702 1766 fide
1719 1742 1830 1774 quam
1844 1733 1884 1766 in
1905 1734 1983 1767 vita

352 1792 390 1822 ct
412 1789 579 1821 moribus
603 1788 854 1830 prolabuntur
871 1797 1034 1827 errores,
1053 1789 1091 1821 et
1108 1797 1182 1820 non
1199 1787 1321 1820 solum
1337 1788 1485 1829 privata
1497 1788 1594 1826 odia,
1613 1787 1789 1821 scandala
1801 1789 1839 1821 et
1855 1788 1981 1822 simul-

352 1846 447 1876 tates
472 1845 599 1885 (prout
626 1843 862 1885 experientia
886 1843 1008 1883 docet)
1033 1842 1162 1875 multis
1185 1843 1224 1874 in
1249 1842 1342 1875 locis
1367 1843 1501 1875 exorta
1522 1844 1688 1881 fuerunt,
1713 1852 1843 1876 verum
1867 1844 1981 1876 etiam

352 1900 570 1936 seditiones,
606 1898 800 1936 tumultus,
820 1898 1062 1937 rebelliones,
1081 1897 1284 1930 schismata
1314 1898 1352 1930 in
1376 1898 1518 1940 regniS,
1536 1898 1741 1939 provinciis
1758 1899 1796 1931 et
1817 1898 1979 1940 populis,

352 1957 463 1995 atquc
503 1954 680 1986 universa
719 1954 789 1985 Dei
829 1953 990 1986 ecclesia
1029 1953 1117 1994 (nisi
1155 1952 1412 1993 provideatur)
1442 1953 1596 1994 J'amJam
1628 1953 1826 1986 excitanda
1854 1954 1982 1986 formi-

351 2010 499 2041 dantur.
525 2009 683 2047 Idcirco,
711 2009 757 2040 311
784 2008 881 2040 hanc
908 2008 1268 2049 perniciosissimam
1291 2008 1436 2048 pestem
1460 2008 1767 2050 extinguendam,
1793 2009 1831 2041 et
1854 2017 1982 2050 supra-

351 2064 535 2096 dictorum
553 2063 759 2096 electorum
777 2064 815 2095 et
832 2064 997 2095 statuum
1014 2063 1191 2095 concordi
1217 2062 1340 2094 animo
1359 2063 1397 2094 et
1413 2063 1612 2101 sententia,
1631 2063 1803 2095 omnibus
1821 2063 1982 2106 singulis

351 2119 588 2160 supradictis,
619 2120 694 2150 tam
722 2117 910 2159 imperiali
936 2127 1047 2158 quam
1078 2117 1332 2150 haereditario
1359 2118 1444 2158 J'ure
1472 2117 1579 2149 nobis
1608 2118 1780 2156 subditis,
1810 2119 1878 2151 sub
1904 2119 1982 2160 jam

351 2174 575 2215 saepedictis
607 2173 779 2205 omnibus
807 2173 939 2214 poenis
968 2172 1220 2213 praecipimus
1249 2173 1287 2204 et
1317 2173 1548 2210 mandamus,
1579 2181 1625 2204 ne
1654 2173 1737 2212 quis
1765 2172 1981 2214 hujusmodi

350 2230 514 2261 famosos
531 2230 570 2260 01
593 2228 814 2269 pestilentes
832 2228 961 2264 libros,
989 2236 1055 2260 seu
1079 2236 1332 2268 quascumque
1350 2226 1442 2259 alias
1467 2227 1636 2265 schedas,
1656 2227 1873 2268 scripturas,
1891 2229 1982 2261 ima-

351 2284 470 2326 gines,
496 2284 661 2325 picturas
685 2284 818 2315 contra
849 2283 1099 2315 orthodoxam
1130 2282 1254 2320 fidem,
1280 2282 1398 2314 bonos
1426 2291 1563 2319 mores,
1594 2284 1632 2315 et
1658 2282 1697 2315 id
1729 2283 1829 2324 quod
1852 2285 1982 2316 sancta

350 2339 521 2371 Romana
543 2338 703 2371 ecclesia
726 2338 907 2370 hactenus
932 2337 1156 2375 observavit,
1181 2337 1292 2377 atque
1317 2337 1431 2369 etiam
1454 2337 1670 2376 invectivas,
1697 2338 1980 2372 criminationes

351 2396 389 2426 et
423 2394 649 2435 ignominias
685 2394 817 2425 contra
845 2401 1031 2425 summum
1065 2391 1294 2433 pontificem,
1321 2392 1449 2424 sedem
1485 2392 1742 2433 apostolicam,
1774 2392 1976 2434 praelatos,

350 2449 551 2490 principes,
586 2448 850 2480 universitates
887 2447 1099 2479 studiorum
1138 2448 1176 2479 et
1213 2455 1345 2479 eorum
1374 2446 1573 2480 facultates
1605 2447 1857 2489 honestasque
1895 2457 1978 2490 per—

351 2513 461 2535 sonas
493 2512 730 2544 componere.
757 2503 937 2540 scribere,
964 2502 1195 2543 imprimere,
1222 2502 1440 2544 depingere,
1466 2502 1642 2541 vendere,
1669 2512 1806 2542 emere,
1832 2504 1975 2542 tenere,

351 2558 502 2596 habere,
523 2560 586 2590 aut
601 2558 778 2599 imprimi,
799 2557 974 2602 describi,
995 2557 1149 2599 depingi
1173 2556 1232 2589 vel
1256 2557 1367 2589 vendi
1393 2558 1532 2595 facere,
1552 2557 1681 2598 quavis
1705 2559 1786 2591 arte
1810 2559 1875 2590 aut
1891 2558 1976 2591 dolo

352 2613 486 2645 audeat
513 2615 575 2645 aut
593 2614 762 2645 attentet.
778 2612 991 2651 Quinimmo
1005 2612 1072 2644 sub
1087 2612 1228 2644 eisdem
1244 2611 1376 2653 poenis
1388 2611 1562 2652 jubemus
1575 2612 1747 2645 omnibus
1764 2614 1802 2645 et
1818 2613 1978 2656 singulis

352 2668 586 2708 supradictis,
605 2670 644 2700 ct
658 2667 882 2709 praesertim
910 2667 968 2705 iis,
994 2667 1058 2707 qui
1081 2667 1250 2708 Justitiae
1274 2666 1485 2699 ministerio
1509 2668 1701 2708 praesunt,
1727 2668 1770 2700 ut
1792 2669 1977 2709 ejusmodi

352 2722 467 2753 libros
495 2732 749 2763 quoscumque
782 2723 869 2754 ante
904 2722 975 2753 hac
1014 2722 1217 2762 impressos
1249 2721 1307 2754 vel
1335 2721 1492 2764 posthac
1530 2722 1800 2763 imprimendos
1832 2733 1977 2756 necnon

351 2777 463 2808 ctiam
488 2786 598 2809 manu
623 2778 795 2818 scriptos,
822 2777 1079 2818 cujuscunque
1103 2777 1179 2808 sint
1195 2776 1364 2809 authoris
1390 2778 1454 2809 aut
1478 2777 1690 2818 ubicunque
1713 2777 1882 2810 locorum
1909 2787 1977 2820 per

350 2841 496 2863 sacrum
531 2832 730 2873 imperium
762 2834 873 2872 atque
900 2832 1015 2864 etiam
1041 2833 1170 2864 nostra
1200 2831 1455 2864 haereditaria
1477 2841 1596 2874 regna
1619 2833 1657 2864 et
1680 2832 1847 2865 dominia
1876 2833 1978 2866 inve-

351 2886 527 2925 niantur,
565 2886 738 2918 similiter
770 2887 884 2918 etiam
915 2887 1082 2927 picturas
1114 2886 1330 2927 hujusmodi
1364 2888 1402 2919 et
1432 2887 1617 2929 imagines
1646 2888 1774 2920 nostro
1804 2889 1911 2929 jussu
1939 2890 1978 2921 01

351 2940 501 2973 00011110
539 2943 733 2982 occupent,
775 2941 957 2982 diripiant
991 2942 1029 2973 et
1062 2941 1212 2982 publico
1250 2941 1333 2983 igni
1371 2941 1603 2974 comburant.
1644 2941 1693 2974 Et
1730 2942 1976 2975 nihilominus

351 2995 566 3036 hujusmodi
604 2995 881 3029 detestabilium
920 2995 1116 3035 librorum,
1150 2996 1333 3035 codicum,
1366 2996 1601 3035 schedarum,
1634 2997 1907 3039 scripturarum
1937 2999 1976 3031 et
