2096 3481
328 192 391 224 410
1029 189 1166 224 ANNO
1192 189 1274 222 1525

332 302 482 333 ritatem
506 300 753 341 improbando
778 298 1038 332 contemneret
1062 299 1136 331 tam
1163 298 1414 337 illiberaliter,
1444 300 1536 332 aede
1561 308 1669 333 sacra
1691 300 1951 342 prohiberent.

330 356 435 394 Quod
468 355 530 387 ubi
562 355 700 386 factum
730 354 841 390 esset,
872 355 1016 395 martyr
1044 354 1172 386 noster
1197 354 1357 386 fratrum
1388 354 1563 396 precibus
1592 354 1773 388 adductus
1801 365 1848 389 ne
1876 357 1952 390 tam

327 411 388 452 pie
416 411 588 451 coeptum
617 418 709 450 opus
737 409 1018 446 intermitteret,
1047 409 1085 441 et
1112 407 1362 442 invalesceret
1388 409 1508 451 magis
1539 410 1651 450 atque
1682 411 1803 453 magis
1832 420 1952 453 papae

328 465 562 500 nundinatio,
595 464 662 496 sub
695 463 753 495 his
781 463 912 496 diebus
944 462 1060 496 semel
1091 471 1172 496 rem
1204 472 1349 496 sacram
1380 465 1483 503 fecit,
1518 463 1635 497 semel
1667 466 1779 506 caput
1806 466 1952 499 tonsori

326 520 511 555 submisit,
537 518 712 551 charitati
736 517 856 560 magis
888 519 926 550 et
955 518 1146 560 praesenti
1174 526 1301 551 rerum
1331 519 1547 552 necessitati
1572 519 1814 560 acquiescens
1841 529 1951 562 quam

328 574 522 607 affectibus
546 572 760 615 indulgens.
787 572 868 605 Hoc
893 571 985 604 illud
1007 573 1239 614 postremum
1263 582 1305 606 ac
1330 582 1483 606 numero
1510 575 1684 615 quartum
1700 574 1773 607 fuit
1789 583 1950 614 sacrum,

329 629 427 670 quod
445 627 642 661 triennalis
667 627 842 661 sacerdos
866 636 1030 668 unquam
1054 628 1156 660 feeit.
1176 627 1250 660 Sub
1267 627 1359 661 haec
1376 637 1477 665 vero,
1497 629 1674 662 defuneto
1699 630 1950 668 mercenario,

326 693 435 725 quem
468 683 629 715 diximus
659 681 837 724 parocho,
863 681 1087 714 Romanista
1110 683 1260 723 quidam
1284 683 1403 724 priori
1428 692 1625 716 successor
1647 693 1778 716 novam
1804 685 1952 728 tragoe-

327 739 425 771 diam
442 737 664 771 Wordenati
682 738 818 769 movet.
837 736 973 769 Coaeto
992 736 1092 769 enim
1109 738 1254 774 senatu,
1273 737 1461 770 Pistorius
1487 739 1616 771 noster
1632 738 1772 771 iudicio
1790 739 1951 778 sistitur,

324 801 468 835 proque
507 800 619 824 causa
657 791 782 824 dicere
821 791 983 823 iubetur.
1024 790 1196 833 Rogatus
1227 800 1316 823 vero
1348 791 1467 824 multa
1499 801 1612 833 super
1650 793 1802 834 papatu,
1836 802 1950 835 super

323 847 544 890 purgatorio
569 848 607 879 et
633 848 783 888 patrum
811 846 985 883 decretis,
1012 855 1086 878 uno
1112 846 1204 878 adeo
1230 846 1329 878 dicto
1355 847 1657 879 adversariorum
1682 847 1951 888 procacitatem

322 903 491 939 eludens,
525 902 770 938 contestatur,
801 901 921 934 Deum
948 901 1090 933 frustra
1116 899 1189 932 coli
1216 902 1429 942 praeceptis
1458 910 1500 934 ae
1532 902 1713 934 doctrinis
1741 901 1950 936 hominum.

324 958 521 991 Caeterum
536 957 703 999 coniugii
715 957 786 993 sui,
802 965 912 997 quam
925 954 1166 997 postulabant
1179 956 1378 993 rationem,
1394 956 1576 989 offerebat
1589 965 1629 990 se
1643 966 1769 989 eoram
1783 957 1951 991 doctiore

323 1012 433 1045 simul
466 1022 508 1044 ac
539 1012 798 1052 frequentiore
831 1010 1012 1043 ecelesiae
1044 1011 1229 1043 conventu
1262 1011 1509 1043 redditurum.
1543 1011 1799 1044 Accersuntur
1829 1012 1949 1054 igitur

322 1067 550 1107 sacerdotes,
579 1067 642 1107 qui
671 1066 716 1098 de
744 1075 857 1098 eausa
884 1064 1074 1107 coniugali
1107 1067 1349 1107 cognoscant,
1379 1066 1568 1106 ijdemque
1599 1067 1676 1098 tres
1706 1066 1752 1099 de
1782 1067 1948 1108 nomine;

322 1123 387 1156 sed
412 1123 449 1155 in
478 1122 549 1154 hoe
576 1121 814 1154 triumviratu
833 1122 926 1157 erat,
946 1121 1022 1161 qui,
1041 1120 1260 1162 priusquam
1285 1120 1330 1152 ad
1356 1120 1639 1161 inquisitionem
1656 1122 1805 1153 ventum
1834 1123 1947 1163 esset,

323 1178 407 1210 novi
435 1176 590 1219 parochi
618 1177 792 1208 conatum
820 1177 858 1208 et
886 1175 1090 1218 gloriosam
1115 1175 1302 1207 actionem
1333 1174 1501 1212 eludens,
1526 1176 1729 1217 rogitabat,
1755 1176 1949 1209 cuiusnam

321 1233 495 1265 mandato
522 1240 584 1264 eas
612 1231 740 1263 turbas
770 1231 858 1264 dare
889 1231 927 1262 in
956 1230 1077 1262 libera
1103 1230 1255 1263 civitate
1280 1239 1392 1262 ausus
1417 1230 1528 1263 esset.
1559 1230 1651 1262 Cum
1675 1239 1763 1263 vero
1788 1231 1870 1264 eius
1893 1231 1951 1264 rei

320 1288 535 1320 mandatum
568 1296 589 1319 a
620 1287 814 1328 superiore
853 1286 976 1318 iudice
1015 1284 1160 1317 nullum
1191 1284 1361 1322 haberet,
1394 1285 1617 1326 pudefactus
1655 1284 1721 1318 ille
1759 1286 1863 1327 abijt‚
1907 1295 1950 1319 ac

321 1342 490 1375 dissolvit
527 1340 834 1374 conciliabulum.
877 1340 1087 1377 Caeterum,
1127 1341 1279 1381 postero
1324 1340 1405 1378 die,
1450 1340 1614 1381 acceptis
1654 1349 1675 1372 a
1712 1340 1947 1374 Wordenato

320 1399 542 1439 magistratu
559 1406 687 1430 rerum
704 1397 802 1438 apud
818 1395 904 1428 illos
921 1398 1114 1438 gestarum
1132 1394 1281 1432 tabulis,
1298 1395 1423 1427 omnia
1440 1404 1550 1435 quam
1566 1395 1693 1436 potest
1711 1395 1947 1429 odiosissime

320 1452 568 1486 calumniator
591 1451 655 1484 ille
673 1451 872 1493 impudens
895 1451 992 1492 apud
1010 1451 1183 1484 dominae
1207 1449 1473 1492 Margarethae
1499 1449 1622 1482 aulam
1647 1450 1814 1492 deponit.
1833 1450 1947 1484 Cuius

320 1510 452 1550 postea
478 1508 581 1540 iussu
610 1508 747 1539 iterum
773 1506 1068 1547 comprehensus
1096 1506 1320 1544 VVordenas,
1352 1504 1499 1547 Hagam
1531 1504 1698 1543 Comitis,
1729 1514 1825 1546 quae
1848 1505 1942 1538 mihi

321 1563 445 1605 patria
471 1564 540 1599 est,
570 1561 780 1598 advehitur,
807 1563 968 1602 quatuor
996 1561 1155 1602 stipatus
1189 1559 1399 1593 lictoribus.
1429 1560 1471 1592 In
1501 1568 1574 1600 qua
1600 1560 1850 1601 profectione,
1877 1560 1948 1593 etsi

320 1618 525 1651 identidem
560 1618 681 1659 patuit
715 1617 862 1658 captivo
898 1615 1071 1649 elabendi
1107 1616 1221 1648 etiam
1257 1617 1338 1647 tuta
1372 1616 1530 1654 occasio,
1567 1616 1702 1657 fugere
1741 1616 1866 1648 tamen
1901 1624 1948 1648 ne

321 1674 479 1706 tentavit
510 1673 673 1714 quidem,
706 1673 795 1713 quin
835 1671 1065 1714 Hagiensem
1101 1679 1291 1703 carcerem
1323 1671 1492 1713 gaudens
1524 1669 1628 1703 velut
1665 1669 1764 1702 ultro
1797 1668 1943 1712 insilijt'.

320 1728 441 1761 Huius
458 1729 514 1761 rei
530 1729 631 1760 fama
647 1728 702 1769 (ut
719 1730 800 1760 erat
817 1727 924 1767 nova)
942 1735 1026 1758 cum
1052 1725 1098 1758 ad
1115 1735 1225 1758 aures
1242 1734 1345 1758 meas
1362 1726 1597 1767 perferretur
1613 1725 1651 1757 in
1669 1724 1757 1757 ludo
1775 1724 1945 1757 literario

319 1785 397 1815 tum
422 1783 572 1824 quidem
595 1792 675 1815 rem
700 1782 881 1824 gerentis,
908 1782 1082 1822 correpto
1108 1780 1251 1813 calamo
1277 1780 1492 1822 apologiam
1516 1780 1702 1821 quandam
1725 1789 1794 1821 pro
1818 1780 1943 1813 vincto

319 1839 437 1871 fratre
465 1847 509 1871 ex
538 1838 680 1879 pietate
711 1837 873 1869 meditor
906 1846 913 1868 :
949 1845 1021 1877 qua
1056 1845 1207 1868 causam
1239 1836 1319 1867 eius
1351 1836 1503 1872 iustam,
1535 1834 1699 1872 facilem,
1731 1834 1946 1867 vincibilem

317 1902 559 1935 propugnare
577 1893 793 1935 aggredior,
813 1892 960 1925 nescius
977 1891 1065 1932 quid
1084 1891 1214 1923 eadem
1231 1891 1458 1931 captivitatis
1476 1899 1557 1922 sors
1574 1890 1667 1922 mihi
1695 1898 1843 1931 quoque
1867 1891 1946 1922 tum

318 1949 549 1988 immineret3
577 1957 661 1980 nam
685 1948 786 1980 intra
802 1947 967 1979 triduum
985 1946 1198 1987 proximum
1216 1946 1349 1978 eodem
1367 1954 1518 1978 carcere
1537 1944 1754 1982 concludor,
1772 1945 1944 1986 proditus

319 2013 340 2036 a
361 2004 524 2036 factione
560 2003 777 2040 monastica,
805 2003 846 2034 ut
880 2010 1041 2042 quorum
1066 2001 1237 2033 ordinem
1262 2001 1401 2041 scripto
1430 2000 1717 2041 improbassem.
1743 1999 1815 2032 Hic
1841 2009 1944 2037 sane,

318 2061 359 2090 ut
390 2058 649 2090 suavissimum
685 2057 848 2090 hominis
887 2056 1098 2089 convictum
1131 2057 1288 2092 taceam,
1322 2055 1465 2087 calamo
1502 2055 1583 2096 ipso
1617 2055 1782 2087 dictante
1813 2054 1946 2087 furtim

317 2114 477 2154 excipio,
511 2122 605 2153 quae
639 2113 683 2145 ab
715 2112 1003 2153 inquisitoribus
1042 2110 1218 2152 privatim
1250 2109 1307 2142 illi
1341 2110 1578 2152 obtigissent.
1612 2109 1667 2142 Ea
1701 2109 1945 2150 sequentibus

317 2168 583 2209 congressibus
607 2168 706 2199 bona
729 2167 801 2199 fide
823 2166 1043 2199 reddentur.

362 2223 467 2260 Quod
495 2223 526 2254 si
553 2223 708 2264 propius
734 2221 839 2258 velis,
869 2221 987 2253 amice
1016 2220 1149 2257 lector,
1180 2220 1279 2252 hunc
1307 2220 1498 2252 hominem
1526 2219 1594 2251 tibi
1623 2219 1865 2257 delineatum,
1891 2219 1946 2252 sic

318 2277 481 2309 habeto:
509 2287 644 2318 corpus
670 2276 726 2308 illi
751 2278 831 2309 erat
862 2278 1007 2308 rectum
1033 2285 1074 2308 ac
1099 2284 1313 2317 procerum,
1342 2275 1458 2307 facies
1490 2275 1699 2307 reverenda
1729 2275 1768 2307 et
1798 2273 1943 2312 hilaris,

317 2334 421 2364 frons
447 2332 574 2368 ardua,
601 2331 725 2363 vultus
748 2332 936 2373 ingenuus
961 2332 999 2363 et
1022 2330 1203 2368 liberalis,
1230 2329 1455 2371 capillicium
1483 2329 1699 2371 oblongum,
1727 2329 1877 2371 nigrum
1901 2338 1944 2362 ac

317 2396 456 2423 rarum,
484 2397 567 2419 ossa
594 2387 730 2419 robore
759 2388 879 2423 firma,
909 2387 1011 2418 aetas
1040 2386 1216 2427 integra:
1241 2385 1343 2417 xxvii
1373 2385 1473 2417 enim
1498 2393 1636 2416 annum
1659 2384 1721 2416 vix
1750 2384 1941 2426 attigerat.

316 2441 357 2473 In
385 2442 607 2482 disputando
633 2450 720 2473 vero
754 2450 840 2473 acer
864 2442 947 2476 fuit,
971 2441 1009 2472 in
1035 2441 1203 2473 docendo
1237 2441 1401 2481 apertus,
1432 2440 1469 2471 in
1502 2439 1736 2472 admonendo
1765 2439 1874 2478 liber,
1903 2440 1942 2471 in

315 2497 563 2537 corripiendis
582 2496 806 2528 adversariis
822 2497 917 2528 mire
934 2495 1102 2528 fervidus
1122 2505 1129 2527 :
1151 2497 1228 2527 tum
1245 2495 1414 2527 incessus
1442 2494 1605 2526 hominis
1630 2503 1771 2534 aequus
1795 2495 1877 2527 erat
1901 2503 1943 2527 ac

314 2551 453 2592 gravis,
479 2550 583 2582 color
607 2559 695 2583 vero
721 2551 920 2582 suffuseus.
940 2550 1095 2582 Possem
1112 2549 1316 2590 plaeraque
1341 2548 1415 2581 alia
1438 2549 1514 2580 tam
1537 2548 1687 2580 virtutis
1712 2557 1823 2589 quam
1853 2548 1942 2581 fidei

314 2607 547 2647 argumenta,
568 2614 662 2646 quae
685 2614 753 2646 per
778 2605 815 2637 id
841 2606 988 2646 tempus
1010 2604 1220 2636 clarissima
1236 2604 1272 2636 in
1293 2613 1336 2636 eo
1355 2603 1512 2639 adverti,
1532 2603 1691 2640 referre,
1710 2603 1784 2635 nisi
1800 2604 1943 2637 frustra

312 2660 398 2691 vino
423 2660 602 2692 vendibili
628 2660 688 2692 hic
713 2660 945 2701 appendatur
962 2659 1116 2698 hedera,
1135 2659 1240 2691 iuxta
1256 2659 1511 2700 proverbium.
1530 2658 1680 2690 Etenim
1705 2657 1788 2698 quis
1810 2658 1940 2696 fuerit,

314 2723 422 2754 quam
442 2716 571 2755 peetus
589 2714 644 2746 illi
661 2716 699 2747 in
718 2715 874 2748 Domino
893 2715 1043 2748 arserit.
1063 2723 1129 2746 suo
1147 2714 1228 2754 ipse
1246 2714 1428 2755 martyrio
1454 2714 1492 2746 et
1516 2713 1620 2745 obitu
1645 2713 1735 2745 satis
1752 2721 1941 2754 superque

315 2768 529 2801 declaravit.
561 2769 662 2802 Haec
691 2769 819 2806 habui,
849 2778 944 2810 quae
973 2770 1018 2801 de
1042 2770 1119 2801 vita
1150 2768 1313 2801 hominis
1344 2768 1515 2809 pijssimi,
1549 2776 1734 2808 quamque
1766 2768 1939 2806 strictim,

315 2825 602 2864 perscriberem.
643 2824 714 2857 Tui
753 2825 926 2857 candoris
963 2824 1090 2862 fuerit,
1132 2823 1252 2856 lector
1291 2824 1529 2861 amicissime,
1561 2822 1730 2856 laborem
1770 2824 1940 2855 nostrum

317 2878 543 2911 christianae
560 2880 711 2920 pietatis
728 2879 852 2912 studio
870 2880 1086 2921 susceptum
1102 2879 1191 2911 boni
1209 2878 1420 2911 consulere.
1440 2877 1547 2916 Quod
1573 2878 1605 2910 si
1627 2877 1776 2919 reliqua
1791 2886 1939 2920 quoque
