2096 3481
790 214 926 248 ANNO
954 215 1035 247 1524
1662 217 1725 248 270

849 362 974 406 220.

161 494 321 544 (1524,
365 491 487 534 chni
530 497 602 542 17,
647 491 912 548 Stuttgycwt).
947 517 999 523 —
1048 490 1272 546 Beknopte
1316 490 1480 534 inhoud
1521 505 1602 534 van
1638 492 1720 535 den

95 562 398 618 voorgaanden
425 577 590 619 openen
616 562 727 605 brief
747 576 829 605 van
854 563 1066 613 Laurens,
1098 562 1324 606 kardinaal
1350 577 1431 605 van
1454 562 1509 605 8¹⁰
1532 564 1721 607 Anasta-

93 630 173 682 sia,
199 631 264 673 als
286 631 454 687 gericht
475 632 615 688 zijnde
637 635 702 675 tot
725 631 924 675 Nicolaas
946 631 1106 687 Coppin
1132 631 1183 674 de
1207 631 1442 683 Montibus,
1470 631 1608 675 deken
1635 646 1717 675 van

95 700 283 750 Leuven,
306 703 389 743 etc.

117 807 359 843 comma-sion
383 820 427 843 en
449 808 638 843 substance
661 808 768 843 dudit
791 809 965 843 cardinal
990 808 1049 853 [de
1071 809 1124 843 Ste
1148 808 1341 853 Anastase]
1365 818 1429 842 sur
1457 808 1489 843 Ie
1514 807 1632 853 doyen
1657 808 1701 843 de

368 865 536 898 louvain
558 870 681 899 contre
704 864 756 899 les
782 863 1001 898 Lutheriens
1024 867 1061 897 ἐς
1079 874 1177 908 pays
1200 863 1245 898 de
1266 863 1441 908 pardepa.

138 943 314 976 Prefatus
342 944 466 975 autem
499 943 835 975 reverendissimus
862 944 970 984 pater
998 942 1170 974 dominus
1200 942 1425 975 Laurentius
1451 941 1653 974 cardinalis
1678 943 1724 974 ad

93 998 353 1031 executionem
371 998 668 1039 preinsertarum
697 997 909 1030 litterarum
927 997 1218 1038 apostolicarum
1238 996 1284 1037 (1)
1303 997 1524 1037 procedens,
1545 997 1633 1037 quia
1656 1006 1723 1037 per

93 1053 399 1086 informationem
427 1053 472 1085 ab
498 1061 542 1085 eo
567 1054 713 1094 captam
738 1053 922 1094 comperit
950 1052 1128 1094 expedire
1154 1052 1198 1084 ab
1219 1052 1298 1093 ipso
1328 1052 1495 1083 Adriano
1526 1052 1724 1092 deputatos

93 1108 336 1149 inquisitores
353 1108 531 1144 amoveri,
551 1108 690 1140 idcireo
708 1107 794 1140 illes
812 1116 988 1140 amovens
1015 1106 1222 1148 prelibatos
1239 1107 1485 1148 prepositum,
1505 1106 1670 1148 priorem
1689 1108 1727 1138 et

93 1163 314 1205 magistrum
352 1162 626 1204 ‚Johannenuffl
660 1163 704 1195 de
737 1162 940 1200 Montibus,
974 1171 1079 1194 sacre
1118 1162 1255 1204 pagine
1296 1162 1500 1199 doctorem,
1543 1162 1724 1194 decanum

93 1217 252 1251 ecclesie
281 1218 398 1250 sancti
427 1218 532 1251 Petri
550 1218 806 1255 Lovanicnsis‚
835 1218 1008 1250 absentes
1033 1218 1209 1258 tanquam
1237 1217 1433 1258 presentes
1458 1218 1495 1249 et
1519 1216 1725 1257 quemlibet

92 1282 222 1306 eorum
251 1272 467 1311 insolidum,
495 1273 718 1305 auctoritate
751 1272 958 1314 apostolica
989 1273 1026 1304 in
1055 1272 1251 1304 Alemania
1269 1271 1447 1305 Inferiori
1481 1273 1517 1304 et
1550 1271 1724 1303 dominiis

91 1328 271 1370 predictis
289 1328 379 1360 dicti
397 1327 575 1360 horrendi
595 1328 780 1370 dogmatis
798 1327 1041 1368 heretieeque
1059 1327 1255 1369 pravitatis
1268 1326 1467 1369 generales
1481 1326 1724 1367 inquisitores

92 1381 232 1413 creavit
261 1382 297 1413 et
326 1381 528 1422 deputavit,
560 1380 651 1413 dans
683 1382 719 1412 et
747 1380 957 1412 concedens
985 1380 1039 1412 eis
1068 1382 1105 1412 et
1134 1380 1301 1421 ipsorum
1326 1378 1482 1411 cuilibet
1509 1378 1658 1420 plenam
1689 1380 1727 1411 et

92 1436 342 1468 omnimodam
387 1437 612 1477 potestatem
656 1437 787 1467 contra
831 1443 962 1467 omnes
1002 1436 1039 1467 et
1077 1433 1247 1476 singulos
1284 1434 1552 1475 quuscumque
1592 1435 1723 1471 status,

93 1490 245 1533 gradus,
281 1491 423 1523 ordinis
455 1490 513 1523 vcl
545 1490 772 1523 conditionis
804 1491 1011 1523 existentes
1048 1490 1092 1522 de
1125 1490 1162 1522 ct
1199 1498 1312 1530 super
1345 1489 1443 1521 dicto
1481 1489 1656 1531 dogmate
1690 1489 1728 1521 ct

95 1546 264 1579 heretica
286 1546 470 1587 pravitate
489 1545 705 1586 inquirendi
723 1555 764 1578 ae
781 1545 988 1587 culpabiles
1005 1545 1198 1587 puniendi,
1215 1544 1295 1577 fisci
1313 1544 1432 1576 sancti
1451 1544 1592 1576 domini
1607 1544 1726 1576 nostri

93 1610 189 1643 pape
205 1603 461 1643 promotorem
486 1609 528 1633 ac
551 1602 837 1642 procuratorem
865 1600 1069 1642 deputandi
1093 1601 1131 1632 et
1158 1599 1355 1632 inhibendi
1379 1600 1580 1640 ceteraque
1605 1607 1729 1631 neces-

93 1657 193 1689 saria
208 1656 266 1689 vel
292 1658 477 1697 oportuna
500 1656 663 1689 faciendi
687 1657 725 1688 et
748 1656 973 1696 exequendi,
993 1664 1065 1696 que
1083 1655 1129 1688 ad
1147 1654 1305 1687 offitium
1322 1654 1578 1695 inquisitionis
1595 1653 1725 1695 hujus-

92 1711 194 1744 modi
219 1711 264 1744 dc
287 1712 371 1753 jure
396 1711 453 1744 vel
478 1711 750 1744 consuetudine
776 1712 947 1752 spectare
972 1712 1009 1744 et
1025 1710 1217 1752 pertinere
1242 1710 1500 1747 dinoscuntur,
1519 1710 1632 1750 prout
1655 1708 1725 1741 hec

94 1768 131 1799 et
166 1765 239 1799 alia
270 1766 308 1798 in
337 1767 454 1808 ipsius
482 1766 788 1799 reverendissimi
821 1766 962 1798 domini
992 1765 1186 1798 Laurentii
1215 1764 1417 1797 cardinalis
1445 1764 1658 1798 executoris
1688 1765 1726 1796 et

93 1821 341 1855 commissarii
358 1821 519 1863 desuper
536 1821 717 1854 confectis
734 1821 872 1854 litteris
889 1820 1038 1862 plenius
1055 1820 1284 1853 continetur.

441 1898 699 1939 Rijksarehief
716 1899 751 1932 te
777 1898 943 1936 BrusseL
971 1897 1137 1942 Re9i8t7·e
1153 1907 1218 1931 sm·
1234 1896 1266 1930 le
1281 1897 1380 1941 [αἱς-ι,
1400 1897 1485 1935 etc„
1511 1896 1576 1928 sol.
1595 1895 1659 1928 606
1676 1906 1722 1929 en

487 1962 608 1987 verso.

854 2069 964 2112 221.

160 2207 298 2253 1524,
326 2200 448 2244 Jum‘
476 2205 549 2252 19,
578 2200 848 2244 Meclzelen?
871 2195 1111 2240 Uittreksel
1138 2195 1199 2239 uit
1220 2208 1356 2238 eenen
1379 2194 1494 2239 brief
1507 2194 1582 2238 der
1601 2194 1725 2238 land-

86 2273 275 2330 voogdes
313 2273 595 2328 Margaretha
633 2286 716 2315 aan
749 2271 896 2314 keizer
929 2269 1062 2313 Karel
1106 2282 1211 2313 over
1252 2270 1329 2312 het
1362 2268 1587 2324 oprichten
1631 2281 1718 2310 van

92 2342 263 2385 nieuwe
286 2341 638 2385 Nederlandsche
670 2340 955 2384 bisdommen.
987 2364 1035 2370 -
1072 2337 1132 2395 Zij
1161 2341 1275 2394 zegt,
1296 2337 1373 2380 dat
1395 2351 1443 2380 er
1475 2337 1601 2380 reeds
1618 2337 1723 2392 lang

95 2411 255 2468 spraak
295 2425 376 2454 van
411 2415 605 2468 geweest
637 2411 689 2462 is,
731 2410 903 2453 nieuwe
942 2407 1205 2451 bisdommen
1248 2406 1293 2449 in
1327 2407 1379 2449 de
1419 2406 1725 2450 Nederlanden

96 2494 149 2536 op
174 2483 218 2523 te
240 2480 428 2524 richten.
467 2481 660 2537 Volgens
683 2480 792 2523 haar
824 2492 903 2521 zou
936 2477 988 2520 de
1020 2477 1176 2520 Keizer
1207 2475 1331 2536 zulks
1365 2475 1457 2518 veel
1491 2474 1728 2531 gemakke-

96 2549 226 2606 lijker
259 2549 509 2607 verkrijgen
543 2563 627 2593 van
661 2548 743 2591 den
776 2545 1171 2604 tegenwoordigen
1205 2545 1336 2597 Paus,
1373 2544 1457 2587 dan
1492 2557 1577 2587 van
1611 2544 1729 2587 welk

142 2694 190 2734 (1)
216 2692 404 2734 Namelijk
423 2693 468 2725 de
484 2692 546 2725 bul
565 2701 635 2725 van
655 2691 826 2725 Clemens
844 2690 913 2723 VII
932 2699 1000 2722 van
1022 2689 1061 2721 19
1079 2688 1201 2722 Maart
1220 2687 1314 2720 1524.

142 2749 190 2790 (2)
216 2748 271 2790 Op
305 2748 375 2781 den
407 2748 501 2780 rand
533 2757 603 2780 van
635 2747 660 2779 't
692 2746 780 2779 stuk
808 2747 905 2778 staat
934 2746 1009 2778 met
1037 2753 1129 2777 eene
1162 2744 1300 2776 andere
1329 2742 1428 2775 hand
1457 2741 1690 2785 gescbreven
1722 2750 1728 2772 :

101 2819 116 2831 u
136 2804 299 2836 Vocatur
323 2803 504 2846 magister
527 2801 708 2836 Nicolaus
732 2801 874 2843 Coppin
900 2801 944 2833 de
971 2799 1175 2832 Montibus.
1196 2814 1210 2826 ἰ
1239 2798 1303 2831 Dit
1326 2807 1402 2830 was
1428 2797 1632 2830 inderdaad
1658 2796 1729 2837 zijn

100 2859 230 2892 rechte
263 2867 476 2891 voornaam.
507 2857 584 2899 (Zie
613 2857 796 2890 daaroxer
824 2856 868 2888 de
899 2854 1007 2897 Hoop
1040 2853 1220 2892 Scheffer,
1252 2850 1521 2890 Geschiedwzis,
1552 2850 1620 2884 blz.
1655 2850 1728 2890 197,

100 2916 189 2947 noot
205 2914 253 2955 3.)
