2096 3481
820 252 960 286 ANNO
985 253 1068 286 1524
1699 256 1763 289 253

130 362 254 394 tamen
272 360 431 394 dilectus
448 361 547 394 filius
562 361 816 403 Hyeronimus
832 362 1035 401 Alcander,
1055 364 1223 396 notarius
1238 365 1276 397 et
1291 363 1602 397 bibliothecarius
1621 367 1763 405 noster,

128 417 352 458 procurator
365 417 463 455 tuus,
483 416 629 449 litteras
646 417 746 458 ipsas
770 418 957 458 prudente
974 419 1012 450 ct
1028 418 1128 450 culto
1155 428 1329 451 sermone
1353 419 1576 452 subsecutus
1602 421 1703 459 fecit,
1724 424 1766 454 ut

129 480 201 512 que
228 472 443 514 gratissime
468 472 575 504 nobis
600 474 719 510 erant,
750 472 886 505 fierent
913 472 1030 505 multo
1060 474 1265 515 gratiores;
1296 483 1381 506 nam
1414 476 1452 507 et
1483 475 1762 508 observantiam

129 525 200 558 hoc
231 528 400 568 tempore
433 528 471 559 et
501 529 587 560 ante
619 527 690 559 hoc
721 527 1023 560 benevolentiam
1055 529 1286 571 singularem
1324 531 1425 561 tuam
1465 531 1573 562 nobis
1613 531 1764 571 quidem

128 583 365 623 perspectam
389 583 427 614 et
451 583 617 625 agnitam
639 583 805 624 Jucunda
828 585 1185 616 commemoratione
1202 585 1394 617 recensuit
1410 586 1448 617 et
1472 594 1516 617 ea
1533 587 1766 619 recensenda

128 638 266 675 essent,
307 638 349 669 ut
389 638 428 669 in
471 638 731 670 suavissimam
773 639 1077 671 recordationem
1121 641 1271 672 tuarum
1314 640 1495 672 virtutum
1536 642 1575 673 et
1616 641 1655 673 in
1698 651 1766 674 nos

129 691 338 725 officiorum
369 692 639 725 relaberemur.
674 692 973 726 Gratulationem
1008 694 1126 736 igitur
1158 695 1260 727 tuam
1299 695 1433 726 intimo
1469 696 1594 727 cordis
1630 696 1766 729 affectu

127 747 166 780 et
187 747 345 789 paterne
367 747 562 781 charitatis
586 748 671 781 sinu
695 748 924 790 recipientes
947 749 1113 782 vicissim
1138 750 1246 782 nobis
1263 750 1356 791 ipsis
1382 750 1428 783 de
1452 751 1490 783 te
1514 750 1764 793 gratulamur,

127 811 239 843 quem
262 802 520 835 firmissimum
546 803 706 836 ecclesie
735 803 967 837 cardinalem
994 805 1032 837 et
1058 805 1187 838 sancte
1216 805 1305 838 fidei
1334 805 1374 837 in
1402 804 1480 837 illis
1509 804 1602 838 locis
1630 815 1768 847 propu-

125 858 325 900 gnatorem
364 857 553 900 hujusque
595 858 694 891 sedis
738 860 1002 892 ornamentum
1041 860 1111 892 Dei
1149 860 1367 902 benignitas
1411 860 1520 892 nobis
1562 861 1763 894 concessit.

126 913 223 946 Nam
258 913 323 946 tua
359 914 523 947 maxime
563 923 665 953 cura,
707 915 945 953 auctoritate,
985 915 1127 956 pietate
1165 915 1377 957 perfectum
1417 916 1476 948 est
1509 915 1690 949 hactenus
1730 918 1768 949 et

122 968 397 1010 perficiendum
434 969 473 1001 in
507 969 677 1002 futurum
717 978 927 1012 speramus,
968 970 1011 1002 ut
1050 970 1270 1003 commissos
1314 970 1383 1002 tibi
1422 979 1444 1003 a
1483 971 1562 1003 Deo
1604 971 1765 1013 populos

124 1032 270 1056 venena
299 1023 477 1057 heresum
504 1023 591 1056 illac
622 1025 870 1067 pervagantia
902 1035 975 1057 non
1007 1026 1190 1058 inficiant.
1225 1025 1307 1064 Qua
1336 1026 1375 1057 in
1406 1025 1549 1067 pietate
1586 1026 1618 1058 si
1650 1027 1687 1059 te
1719 1027 1765 1059 ad

126 1079 404 1120 persistendum
428 1079 636 1118 hortemur,
666 1080 849 1112 faciemus
872 1081 973 1113 forte
1003 1089 1073 1122 pro
1099 1082 1228 1112 nostro
1261 1080 1398 1119 officio,
1432 1081 1498 1113 sed
1527 1090 1765 1122 nequaquam

126 1142 194 1175 pro
219 1134 463 1175 necessitate3
490 1136 529 1167 tu
554 1135 655 1167 enim
684 1136 835 1167 tuorum
858 1136 1170 1177 predecessorum
1199 1135 1466 1177 episcoporum
1494 1135 1763 1169 Leodiensium

126 1189 299 1231 exemplo
332 1198 374 1222 ac
404 1198 472 1231 pro
498 1190 612 1222 insita
640 1190 709 1222 tibi
732 1191 922 1232 probitate
947 1200 1096 1232 semper
1130 1191 1169 1222 in
1205 1190 1319 1232 huJ'us
1352 1191 1452 1223 sedis
1484 1191 1764 1224 observantiam

124 1245 482 1285 venerationemque
510 1245 727 1284 incubuisti,
754 1246 852 1278 unde
883 1247 919 1278 te
937 1245 1083 1278 hortari
1112 1246 1263 1286 quidem
1289 1246 1520 1278 cessabimus
1543 1256 1654 1287 quem
1679 1256 1764 1288 pro-

125 1300 280 1332 missum
308 1301 346 1332 et
372 1302 588 1333 currentem
616 1301 800 1339 videmus,
827 1310 921 1334 neve
940 1302 1038 1342 quod
1065 1302 1129 1333 tue
1144 1301 1278 1342 pietati
1296 1302 1334 1333 et
1351 1302 1559 1343 spontaneo
1576 1303 1615 1334 in
1642 1303 1762 1335 Deum

125 1355 252 1387 ardori
281 1355 553 1397 diminuamus3
583 1365 745 1398 pergere
774 1358 900 1389 tamen
926 1358 962 1389 te
987 1356 1158 1397 cupimus
1185 1357 1227 1388 ut
1250 1357 1384 1398 cepisti
1409 1357 1521 1397 teque
1546 1357 1668 1398 ipsum
1695 1358 1763 1390 tibi

125 1410 355 1452 respondere
373 1420 446 1451 quo
470 1412 591 1454 magis
609 1413 740 1453 optare
758 1421 832 1444 non
849 1421 1059 1453 possumus.

169 1466 247 1499 Nos
264 1466 410 1499 interea
426 1466 495 1499 tibi
520 1476 610 1499 sane
626 1476 695 1508 per
722 1476 832 1508 quem
860 1466 1023 1500 libenter
1051 1467 1310 1508 expedivimus
1341 1467 1633 1509 expeditumque
1650 1468 1764 1501 mitti-

125 1530 208 1553 mus
225 1522 330 1554 tuum
347 1521 547 1561 indultum,
567 1531 642 1554 non
660 1522 781 1555 solum
798 1523 837 1554 in
854 1522 1068 1561 Leodiensi,
1088 1523 1154 1555 sed
1171 1523 1283 1555 etiam
1302 1522 1341 1554 in
1359 1523 1582 1555 Carnotensi
1607 1523 1760 1562 diocesi,

126 1577 226 1617 quod
248 1578 359 1610 antea
387 1586 456 1619 per
484 1587 552 1609 nos
576 1587 598 1610 a
624 1577 746 1610 felicis
774 1578 1060 1611 recordationis.
1090 1578 1257 1610 Adriano
1285 1587 1383 1619 papa
1410 1577 1472 1620 VI,
1490 1579 1760 1620 predecessore

126 1632 255 1664 nostro
288 1633 486 1674 tantopere
513 1641 581 1674 pro
613 1634 650 1666 te
678 1633 926 1676 efflagitatum
955 1633 1081 1665 divina
1107 1632 1227 1665 voluit
1253 1633 1481 1676 benignitas,
1518 1634 1560 1666 ut
1591 1643 1658 1666 nos
1689 1634 1762 1676 ipsi

125 1687 436 1729 concederemus3
464 1697 586 1729 neque
615 1689 715 1721 enim
740 1698 807 1721 nos
838 1688 923 1730 plus
952 1687 1024 1721 alie
1052 1689 1219 1721 rationes
1248 1698 1270 1721 a
1297 1689 1537 1721 coneedendo
1566 1689 1763 1722 retrahere

124 1743 341 1784 potuerunt,
361 1752 456 1784 quae
473 1744 538 1776 tua
554 1753 647 1786 erga
660 1754 727 1776 nos
752 1745 863 1785 atque
881 1744 977 1776 hane
994 1745 1161 1776 sanctam
1186 1744 1313 1776 sedem
1338 1745 1475 1776 merita
1491 1745 1537 1776 ad
1559 1745 1764 1778 conceden-

126 1798 214 1830 dum
241 1798 484 1840 impulerunt.
512 1798 624 1832 Sume
652 1800 771 1841 igitur
798 1800 881 1841 pari
909 1800 1045 1832 affectu
1074 1809 1147 1840 quo
1177 1800 1307 1832 damus
1335 1809 1473 1832 munus
1502 1800 1654 1840 quidem
1682 1809 1763 1841 per-

124 1854 253 1895 magni
280 1854 325 1886 ab
354 1853 438 1886 aliis
466 1855 693 1893 estimatum,
727 1856 856 1887 nostro
882 1856 1006 1887 tamen
1025 1855 1063 1886 in
1089 1856 1125 1887 te
1143 1855 1262 1886 amori
1290 1855 1412 1896 impar
1436 1856 1474 1887 et
1489 1855 1691 1887 virtutibus
1717 1865 1760 1888 ac

124 1909 271 1941 meritis
288 1909 362 1941 tuis
391 1909 516 1951 longe,
536 1911 578 1942 ut
605 1910 846 1949 arbitramur,
872 1910 1044 1942 inferius.
1063 1909 1323 1942 Voluissemus
1348 1911 1387 1942 et
1412 1910 1458 1942 de
1475 1910 1675 1943 Valentino
1693 1911 1761 1943 tibi

100 1963 270 2007 =indulto
295 1965 440 2006 pariter
464 1974 643 2003 annuere,
663 1966 695 1997 si
722 1965 903 1998 licuisset.
933 1966 1008 1999 Cur
1025 1965 1126 1998 enim
1151 1975 1225 1997 non
1255 1965 1418 2003 licuerit,
1445 1975 1492 1998 ex
1515 1965 1654 1998 litteris
1672 1967 1761 1998 dicti

125 2019 361 2061 Hyeronimi‚
380 2021 444 2061 qui
473 2030 546 2052 non
570 2021 694 2052 minus
718 2020 789 2052 hoc
807 2021 905 2062 quod
930 2020 997 2053 illa
1021 2021 1120 2062 apud
1145 2030 1212 2053 nos
1241 2021 1504 2053 ardentissime
1529 2022 1759 2062 procuravit,

124 2084 342 2117 cognosces,
361 2085 472 2116 quem
489 2085 603 2117 super
627 2075 697 2108 hoc
714 2076 862 2117 plenius
880 2075 1065 2117 alloquuti
1082 2076 1150 2108 tibi
1175 2085 1219 2108 ea
1245 2076 1461 2118 significare
1477 2077 1669 2117 J'ussimus‚
1689 2087 1761 2118 que

125 2132 291 2162 nostram
313 2140 406 2173 erga
433 2132 469 2164 te
487 2132 528 2163 ut
544 2132 580 2163 in
610 2132 724 2164 rebus
742 2132 927 2170 omnibus,
947 2132 1000 2164 ita
1028 2132 1066 2163 in
1084 2132 1154 2164 hac
1172 2132 1257 2172 ipsa
1280 2141 1506 2173 propensam
1529 2131 1761 2165 voluntatem

124 2187 272 2228 magnis
289 2187 327 2218 et
341 2187 452 2227 Justis
468 2187 678 2219 rationibus
696 2187 959 2220 cohibuerunt.
980 2187 1058 2220 Nos
1082 2188 1207 2219 tamen
1233 2188 1286 2225 tu,
1306 2187 1337 2219 si
1362 2187 1450 2228 quid
1477 2187 1579 2219 aliud
1597 2188 1670 2220 erit
1687 2189 1761 2220 tuis

124 2242 330 2273 commodis
358 2244 470 2282 atque
498 2242 634 2274 honori
674 2244 913 2283 oportunum,
945 2252 1018 2274 11011
1047 2243 1171 2275 minus
1204 2243 1241 2274 in
1275 2243 1340 2274 tua
1371 2243 1556 2285 dignitate
1588 2244 1762 2285 augenda

123 2305 263 2337 pronos
281 2298 318 2329 et
340 2297 471 2330 faciles
488 2297 656 2336 habebis,
676 2308 787 2338 quam
818 2299 856 2330 in
881 2308 926 2330 ea
950 2298 1119 2330 ornanda
1142 2297 1266 2330 felicis
1292 2298 1568 2330 recordationis
1593 2298 1759 2331 Leonem

123 2361 258 2393 papam
276 2352 310 2384 X
326 2353 635 2394 predecessorem
659 2355 697 2386 et
713 2354 918 2386 seeundum
936 2362 1087 2386 carnem
1111 2353 1321 2394 patruelem
1340 2354 1522 2391 nostrum,
1538 2354 1597 2385 cui
1615 2354 1759 2386 cessuri

124 2407 162 2440 in
180 2416 308 2440 amore
321 2417 414 2450 erga
431 2409 468 2441 te
485 2417 559 2440 non
577 2418 717 2448 sumus,
737 2409 915 2441 habuisti.

168 2463 305 2495 Datum
320 2463 455 2502 Rome,
475 2464 574 2505 apud
591 2463 767 2496 Sanctum
785 2464 941 2497 Petrum
965 2464 1033 2496 sub
1051 2463 1189 2496 annulo
1203 2464 1414 2506 piscatoris,
1434 2464 1494 2497 die
1512 2472 1603 2497 xxm
1618 2464 1758 2497 Janua-

123 2518 173 2550 rii
190 2518 456 2557 M.D.XXIIII,
474 2519 716 2560 pontificatus
734 2521 854 2553 nostri
873 2529 969 2552 anno
994 2520 1129 2561 primo.

167 2573 228 2607 Sic
243 2573 500 2616 subsiqnatum
521 2584 528 2606 :
548 2574 614 2607 Be.
642 2574 696 2608 Cl.
727 2576 1003 2608 Cremonensis.
1034 2575 1079 2608 Et
1102 2585 1126 2608 a
1150 2580 1250 2618 teryo
1277 2576 1543 2619 suprascriptio
1570 2580 1621 2609 est
1644 2575 1757 2609 talis:

125 2628 270 2662 Dilecto
312 2629 389 2661 filio
426 2632 555 2662 nostro
587 2630 745 2670 Erardo,
779 2631 880 2663 tituli
915 2630 1034 2663 saneti
1074 2630 1284 2673 crysogoni
1323 2631 1534 2672 presbitero
1574 2631 1756 2664 cardinali

126 2684 338 2717 Leodiensi.

472 2763 630 2796 Archief
664 2765 731 2796 der
762 2763 987 2797 Hoofflkerk
1019 2769 1054 2796 te
1087 2763 1196 2802 Luik,
1231 2763 1361 2798 Bulles
1397 2763 1461 2798 des
1488 2774 1618 2808 papes,
1654 2770 1694 2797 n0
1725 2763 1755 2802 Ι,

518 2818 582 2851 fol.
603 2818 676 2852 138.
695 2838 738 2843 —-
762 2819 956 2861 Vergelijk
974 2819 1028 2851 dit
1045 2819 1132 2851 stuk
1149 2820 1225 2851 met
1242 2819 1287 2851 de
1304 2819 1417 2852 breve
1434 2829 1504 2852 van
1531 2820 1622 2852 Pius
1639 2819 1669 2851 V
1687 2829 1756 2852 aan

518 2874 588 2906 den
618 2874 916 2916 prins-bisscliop
945 2874 1134 2907 Gerardus
1161 2883 1231 2907 van
1261 2874 1491 2913 Groesbeek,
1517 2875 1566 2915 bij
1593 2874 1757 2916 Chapea-

519 2929 619 2968 ville,
639 2930 721 2963 deel
742 2930 810 2968 III,
830 2930 899 2962 blz.
915 2929 992 2964 461.
