2096 3481
371 290 413 320 95
1058 287 1194 322 ANNO
1221 289 1303 322 1529

412 396 573 429 ‹lm-obus
621 397 829 437 Praepositi
863 397 1004 428 ordinis
1036 398 1105 429 fuit
1147 399 1387 431 eremitarum
1434 400 1551 431 saneti
1583 400 1795 442 Augustini,
1829 401 1992 435 Flandex·

369 452 517 483 natione
542 454 579 483 et
601 455 702 483 secta
729 452 948 483 Lutoranus.
980 451 1049 484 Hie
1077 462 1160 484 eum
1188 454 1285 494 apud
1312 453 1580 494 Antvuerpiam
1608 455 1794 496 variisque
1832 456 1871 488 in
1895 456 1988 489 loeis

367 506 492 537 Lutori
519 506 693 545 dogmata
716 505 796 537 looo
821 505 1016 547 Evangelij
1043 507 1333 543 disseminasset.
1361 508 1510 540 tandem
1535 509 1850 549 compraehensus
1875 512 1912 543 et
1940 511 1988 543 ad

364 560 590 599 palinodiam
622 560 891 592 ‹1‹=0;1nt:1nduiu
924 561 1130 596 damnatus,
1165 563 1202 593 in
1240 563 1372 594 maiori
1405 562 1564 595 ecelesia
1589 563 1827 596 Bruxellensi
1860 574 1987 598 eoram

365 615 506 654 ingenti
532 614 723 646 hominnm
749 614 998 650 multitudino.
1017 624 1123 647 saci-a
1146 616 1332 657 imperiali
1360 617 1555 649 maiestate
1582 627 1667 649 cum
1691 627 1758 650 sua
1780 619 1886 651 curia
1908 619 1987 652 illic

363 669 564 702 residente.
595 669 787 701 solennem
805 670 894 701 feeit
911 678 1062 701 suorum
1082 670 1296 712 dogmatum
1313 672 1602 710 revocationem,
1635 673 1735 705 eirca
1758 681 1895 706 annum
1918 674 1989 706 Do-

363 723 452 754 mini
471 723 565 760 1523,
600 724 667 755 snb
701 723 833 755 carolo
858 724 988 763 quinto
1021 724 1180 757 Caesare
1197 726 1382 758 Germano
1407 727 1445 758 et
1469 725 1660 759 Clemente
1692 727 1850 768 septimo
1875 728 1988 761 huius
2025 753 2030 757 .

362 778 522 808 nominis
541 788 684 809 summo
702 778 890 818 pontifice.

404 832 489 863 Fuit
506 835 629 864 autem
647 833 726 864 eins
743 834 932 864 revocatio
950 833 1178 865 huius-modi
1285 835 1333 876 (1)

403 888 504 924 Quae.
533 888 658 919 omnia
684 897 766 919 eum
795 888 839 920 ab
867 896 912 920 eo
941 887 1010 919 hoe
1041 889 1117 920 ritu
1149 890 1186 920 et
1213 890 1345 921 ordine
1377 892 1530 931 peraeta
1560 891 1733 930 fuissent,
1763 892 1913 924 tandem
1944 892 1983 925 in

358 949 525 973 errorem
543 942 741 982 pristinum
767 942 936 983 relapsus
953 945 1011 975 est
1034 944 1071 975 et
1095 944 1132 974 in
1157 944 1316 976 eundem
1333 943 1496 986 lapidem
1522 946 1691 978 offendit.
1711 946 1768 979 Ex
1785 956 1858 987 quo
1875 947 1983 980 effec-

359 1000 435 1027 tum
460 1000 500 1027 ut
524 998 658 1028 tratres
684 996 784 1028 illius
801 999 1018 1036 conventus,
1038 1006 1130 1038 quos
1148 997 1211 1030 ille
1229 999 1441 1038 seduxerat,
1461 1000 1619 1033 vinculis
1643 1003 1681 1033 et
1704 1001 1884 1042 custodijs
1908 1002 1984 1034 sint

357 1051 557 1091 mancipati
574 1053 612 1083 et
628 1054 832 1083 conventus
849 1052 1016 1084 eiusdem
1034 1061 1079 1084 ex
1096 1053 1270 1085 mandato
1287 1054 1444 1086 Adriani
1461 1056 1558 1087 sexti
1575 1056 1709 1088 summi
1726 1055 1983 1089 Romanorum

355 1106 543 1145 pontificis
561 1107 658 1147 apud
674 1107 943 1147 Antvuerpiam
960 1107 1129 1139 funditus
1147 1106 1293 1140 deletus
1310 1109 1360 1140 sit
1376 1111 1414 1141 et
1430 1109 1509 1141 solo
1528 1110 1769 1151 adaequatus

399 1159 499 1191 Haec
517 1170 562 1192 ex
580 1161 772 1193 Bernardo
791 1170 813 1196 a
828 1161 1103 1204 Lutzemburgo
1121 1162 1159 1194 in
1177 1162 1357 1205 catalogo
1375 1162 1665 1200 haeretieorum.

699 1238 909 1277 Prateolus,
928 1237 1127 1277 Eleuchus,
1146 1238 1216 1278 blz,
1234 1239 1310 1278 216,
1329 1240 1405 1274 217.

1112 1384 1197 1427 68.

418 1517 556 1565 1522,
595 1513 835 1557 Februarz‘
859 1518 932 1563 15,
961 1513 1265 1569 Antwerpen.
1301 1509 1447 1554 Gebod
1472 1525 1558 1554 van
1591 1511 1674 1554 den
1713 1512 1970 1569 magistraat

347 1602 450 1631 over
486 1590 560 1632 het
612 1588 927 1631 onderhouden
979 1588 1057 1630 der·
1094 1591 1210 1631 twee
1248 1586 1505 1644 keizerlijke
1543 1587 1784 1642 plakkaten
1841 1591 1971 1644 tegen

345 1660 525 1712 Luther,
567 1661 679 1717 zijne
702 1659 969 1716 gesohriften
1000 1673 1054 1701 en
1085 1659 1198 1717 ziJne
1228 1660 1523 1716 aanhangers.
1553 1684 1603 1690 —
1630 1660 1696 1703 Na
1718 1660 1770 1702 de
1791 1659 1970 1704 straffen

345 1732 653 1788 uitgesproken
677 1732 783 1774 door
830 1731 912 1774 den
950 1731 1107 1774 Keizer
1147 1735 1278 1788 tegen
1312 1731 1364 1774 de
1406 1731 1682 1774 overtreders
1719 1734 1762 1775 te
1800 1730 1968 1774 hebben

343 1804 590 1859 opgesomd‚
616 1804 717 1847 stelt
749 1803 800 1845 de
837 1802 1095 1859 magistraat
1118 1806 1231 1855 vast,
1267 1803 1342 1846 dat
1364 1794 1409 1846 te
1447 1805 1721 1859 Antwerpen
1754 1803 1806 1846 de
1833 1816 1967 1860 onge-

343 1873 674 1915 hoorzaamheid
695 1873 919 1928 algemeen
943 1872 979 1914 is
1000 1870 1229 1927 gebleven.
1256 1874 1441 1915 Daarom
1460 1871 1617 1928 brengt
1635 1872 1688 1914 de
1711 1873 1968 1928 magistraat

341 1942 381 1983 al
405 1941 471 1983 die
504 1941 683 1985 straffen
714 1942 757 1983 in
791 1940 1077 1996 herinnering
1115 1955 1168 1983 en
1203 1944 1332 1997 voegt
1365 1955 1414 1983 er
1455 1940 1508 1983 de
1542 1940 1826 1997 levenslange
1868 1954 1966 1985 ver-

340 2008 532 2064 banning
556 2009 620 2052 uit
641 2009 692 2051 de
735 2009 832 2052 stad
864 2023 916 2051 en
950 2009 1026 2051 het
1063 2008 1452 2064 markgraafschap
1495 2008 1768 2064 Antwerpen
1803 2008 1878 2065 bij.
1905 2008 1989 2052 De'

335 2078 576 2133 aanklager
607 2079 672 2121 zal
705 2092 810 2120 eene
846 2077 1076 2132 belooning
1110 2091 1196 2120 van
1235 2092 1313 2120 een
1347 2077 1446 2120 half
1478 2077 1592 2132 pond
1625 2083 1895 2132 ontvangen.

340 2169 510 2203 Geboden
535 2169 624 2203 ende
647 2175 889 2214 uutyeroepen
914 2170 963 2214 sz
990 2170 1127 2204 Gielz'se
1150 2180 1224 2204 van
1249 2168 1450 2209 Bouchout,
1477 2167 1794 2209 onderschouteth,
1812 2169 1961 2213 burqer·

378 2230 588 2265 meesteren,
621 2235 794 2269 scepenen
820 2225 910 2259 ende
943 2226 1036 2259 rade
1069 2225 1211 2258 vander
1237 2224 1334 2258 stadt
1367 2234 1438 2257 van
1466 2225 1700 2267 Annam-pen,
1727 2228 1834 2268 opten
1870 2224 1960 2258 Χ17η

380 2279 472 2312 dach
490 2290 562 2313 van
580 2281 795 2319 Februario,
814 2290 915 2313 anno
933 2280 1132 2314 XVcXXl.

377 2346 421 2378 Al
451 2349 529 2378 eost
553 2356 629 2384 soe,
657 2347 719 2378 dat
743 2355 832 2378 onse
857 2346 1207 2388 aldergenadiehste
1235 2345 1349 2377 heere
1378 2345 1423 2377 de
1448 2345 1608 2387 Keyser,
1639 2345 1880 2386 auderwylen
1904 2346 1960 2377 tot

333 2402 427 2433 twee
445 2410 591 2443 reysen,
611 2401 731 2433 alliier
748 2401 850 2433 heeft
868 2402 962 2433 doen
980 2401 1198 2442 publieeren
1215 2401 1310 2432 ende
1333 2400 1561 2441 expresselie
1578 2400 1792 2438 verbieden,
1808 2399 1879 2432 hoe
1897 2400 1959 2432 dat

333 2461 520 2497 nyemant‚
546 2457 616 2488 wie
641 2456 693 2497 hij
722 2465 836 2494 ware,
863 2455 1070 2498 geesteliek
1095 2456 1150 2487 ost
1172 2454 1336 2493 weerlie,
1362 2464 1432 2486 van
1463 2455 1550 2487 dien
1575 2455 1663 2496 tyde
1687 2455 1876 2487 voordane
1911 2464 1957 2487 en

331 2511 445 2543 soude
462 2520 621 2553 moegen
639 2511 754 2549 lesen,
772 2519 994 2552 vereoopen‚
1013 2512 1171 2551 prenten
1197 2509 1293 2542 noch
1318 2509 1542 2552 gheenssins
1567 2518 1789 2552 ommegaen
1813 2510 1955 2542 metten

330 2565 509 2603 boecken,
540 2567 599 2598 die
627 2575 696 2598 een
725 2565 908 2607 geheeten
936 2566 1099 2598 brueder
1129 2564 1317 2597 Lutherus
1345 2566 1517 2606 gemaeet
1543 2564 1659 2602 heeft,
1688 2564 1776 2596 mits
1805 2564 1868 2596 dat
1895 2564 1955 2596 die

329 2620 500 2662 ketterye
533 2620 742 2658 smaeeken,
763 2622 848 2661 opte
866 2620 1080 2652 confiscatie
1098 2620 1193 2652 ende
1210 2619 1409 2652 verbuerte
1433 2628 1503 2651 van
1520 2618 1664 2651 hueren
1682 2619 1840 2661 goeden,
1860 2619 1955 2651 ende

329 2676 479 2707 daertoe
509 2675 603 2707 noch
629 2677 665 2707 in
691 2675 833 2707 heuren
858 2683 1068 2716 persoonen
1093 2673 1286 2707 arbitralie
1310 2674 1572 2716 geeorrigeert
1596 2675 1633 2706 te
1656 2673 1823 2712 worden,
1843 2673 1953 2715 gelyc

328 2731 391 2763 het
422 2732 658 2763 mandement
692 2731 820 2763 daeraf
856 2730 1116 2773 gepublieeert
1147 2730 1210 2762 dat
1240 2729 1401 2762 breeder
1442 2728 1578 2761 inhout
1609 2728 1704 2761 ende
1750 2727 1950 2768 verclaert3

328 2786 520 2824 nochtans,
540 2786 623 2817 dien
654 2785 1025 2827 nyettegenstaende,
1045 2793 1110 2816 soe
1133 2783 1214 2817 eest
1236 2785 1334 2816 fame
1359 2783 1450 2816 hoet
1474 2783 1537 2816 dat
1561 2782 1682 2816 alhier
1706 2782 1841 2825 eenige
1865 2791 1948 2824 zyn,

368 2917 414 2957 (l)
434 2917 486 2948 De
505 2917 604 2949 tekst
622 2917 651 2948 is
670 2916 835 2949 (lezelfde
853 2915 907 2948 als
933 2916 1086 2954 dievvan
1112 2915 1327 2949 Bernardus
1352 2915 1638 2957 Lutzenburgus
1663 2913 1733 2955 (zie
1757 2923 1824 2946 ons
1841 2922 1949 2947 voora
1974 2936 1980 2954 -,

324 2972 467 3013 gaande
486 2971 599 3012 stuk).
