2096 3481
298 278 339 309 :38
991 268 1129 303 ANNO
1155 268 1237 302 1521

298 393 426 418 eorum
456 382 609 415 malitiis
633 380 839 422 simplicem
867 378 1014 411 turbam
1038 378 1239 420 decipiant,
1270 387 1312 411 ae
1340 378 1377 411 in
1403 379 1563 412 eundem
1595 387 1762 413 errorem
1794 380 1832 414 et
1854 381 1929 413 rui-

296 449 380 472 nam
399 446 525 471 seeum
550 435 701 469 trahant
725 444 767 467 ae
791 433 906 466 veluti
931 433 1063 466 morbo
1089 433 1309 476 contagioso
1327 433 1595 473 contaminent,
1615 435 1653 467 et
1677 435 1723 467 ad
1746 435 1928 477 majorem

296 495 462 535 ipsorum
490 493 750 524 damnatorum
774 488 1045 527 confusionem,
1086 489 1258 520 omnibus
1293 488 1603 521 christifidelibus
1631 489 1780 530 publice
1807 490 1929 523 osten-

297 550 385 582 dere
403 557 443 580 ae
469 546 592 588 palam
620 545 824 579 declarare.
855 552 965 584 quam
989 543 1285 575 formidabilium
1309 552 1553 575 censurarum
1581 544 1618 576 et
1641 552 1847 585 poenarum
1870 544 1928 577 illi

297 604 351 636 rei
376 603 550 636 existant.
570 600 711 634 adhoc.
731 601 772 631 ut
797 598 867 639 ipsi
882 598 935 629 sie
953 597 1133 630 declarati
1158 599 1196 630 ct
1219 597 1412 639 publicati,
1438 598 1585 630 confusi
1610 599 1761 632 tandem
1778 600 1816 632 et
1831 608 1929 632 eom-

296 657 436 699 puncti.
457 657 501 688 ad
519 665 583 687 cor
608 664 715 687 snum
729 653 854 685 redire
872 654 910 684 et
933 652 978 684 ab
997 653 1216 685 eorumdem
1232 653 1640 685 cxcommunieatorum
1658 654 1696 686 et
1713 653 1927 687 anathema-

297 713 493 745 tizatorum
518 710 708 751 prohibita
735 707 1022 740 comversatione
1050 708 1088 739 et
1114 707 1403 748 participatione
1431 708 1469 739 et
1500 708 1614 739 etiam
1646 708 1861 741 obedientia
1888 718 1928 742 se

298 767 446 809 penitus
482 764 715 799 subtrahant.
742 764 783 795 ut
808 762 971 794 divinam
1002 761 1185 795 ultionem
1213 762 1383 801 evadant,
1417 761 1644 803 illorumque
1680 763 1931 796 damnationis

298 821 502 864 participes
519 820 673 852 mininie
692 819 778 850 sint.

342 878 365 917 ἓ
390 877 419 908 l.
447 876 544 908 Sane
569 874 674 911 alias,
704 882 788 905 cum
824 872 975 913 quidam
1006 870 1092 904 falsi
1127 871 1216 904 fidei
1250 871 1426 910 cultores,
1464 872 1593 905 mundi
1632 872 1793 915 gloriam
1821 881 1931 914 quae-

301 932 440 969 rentes,
468 931 538 963 etc.
559 930 619 971 (l).

342 987 365 1027 g
381 987 412 1018 2.
439 985 530 1018 Cum
563 989 699 1021 autem,
726 983 823 1015 sient
846 981 1070 1023 accepimus,
1098 981 1188 1014 lieet
1210 982 1296 1023 post
1317 981 1513 1014 literarum
1530 982 1746 1015 affixionem
1762 983 1801 1015 et
1815 982 1936 1024 publi-

300 1042 486 1074 cationem
503 1040 588 1081 post
605 1039 773 1079 elapsum
791 1037 943 1070 termini
960 1045 1026 1070 seu
1051 1036 1299 1069 terminorum
1323 1036 1538 1078 huiusmodi
1562 1037 1601 1070 in
1625 1037 1747 1070 literis
1774 1046 1842 1079 per
1865 1047 1933 1070 nos

297 1096 456 1138 praefixi
485 1094 701 1135 hujusmodi
726 1102 792 1125 seu
822 1092 1078 1134 praefixorum
1107 1092 1213 1133 (quos
1232 1091 1382 1132 quidem
1399 1092 1580 1124 terminos
1597 1092 1745 1134 elapsos
1761 1093 1879 1125 fuisse
1895 1093 1935 1126 et

299 1160 381 1184 esse
414 1150 586 1182 omnibus
614 1147 924 1181 christifidelibus
949 1148 988 1179 et
1013 1155 1082 1188 per
1105 1147 1323 1188 praesentes
1352 1147 1608 1189 significamus
1640 1148 1678 1180 et
1708 1148 1821 1181 fidem
1843 1147 1933 1180 faci-

298 1206 407 1247 mus),
435 1204 606 1237 nonnulli
624 1213 670 1236 ex
695 1204 761 1241 eis,
790 1203 853 1243 qui
882 1202 1052 1243 eJ'usdem
1080 1202 1234 1234 Martini
1262 1210 1412 1234 errores
1440 1203 1559 1235 secuti
1582 1203 1748 1241 fuerunt,
1767 1203 1934 1244 ipsarum

300 1261 497 1294 literarum
516 1269 557 1292 ac
575 1258 823 1290 monitionum
841 1258 878 1290 et
894 1257 1156 1290 mandatorum
1170 1256 1385 1289 nostrorum
1403 1257 1574 1289 notitiam
1591 1257 1784 1295 habentes,
1800 1257 1936 1298 spiritu

301 1316 462 1349 sanioris
480 1313 627 1346 consilii
641 1314 687 1346 ad
700 1322 765 1345 cor
778 1312 933 1350 reversi,
949 1321 1099 1344 errores
1113 1321 1199 1344 suos
1213 1312 1436 1344 confitentes
1453 1312 1491 1345 et
1507 1312 1694 1345 haeresim
1710 1312 1749 1344 in
1765 1312 1937 1345 manibus

302 1371 441 1403 nostris
455 1369 671 1410 abjurantes
685 1369 724 1401 et
740 1368 786 1400 ad
799 1376 927 1400 veram
958 1367 1070 1399 fidem
1087 1366 1312 1399 catholicam
1335 1376 1375 1399 se
1399 1367 1674 1406 convertenteS,
1691 1367 1938 1400 absolutionis

301 1425 526 1459 beneficium
549 1425 657 1465 Juxta
680 1422 897 1455 facultatem
929 1422 1072 1454 eisdem
1097 1421 1243 1453 nunciis
1262 1422 1423 1463 desuper
1447 1431 1663 1455 concessam
1691 1422 1935 1461 obtinuerint,

302 1481 394 1513 etin
419 1479 594 1512 nonnulis
618 1478 832 1510 civitatibus
861 1477 899 1509 et
926 1476 1019 1508 locis
1044 1476 1166 1509 dietae
1189 1476 1409 1509 Alemaniae
1436 1476 1525 1509 libri
1549 1478 1588 1509 et
1614 1477 1824 1519 scripturae
1848 1477 1938 1509 dieti

302 1535 456 1568 Martini
480 1535 589 1575 Juxta
611 1533 786 1565 mandata
813 1533 943 1564 nostra
970 1531 1120 1573 publice
1150 1531 1307 1564 cremati
1330 1531 1484 1570 fuerint,
1512 1532 1637 1565 tamen
1653 1532 1734 1574 ipse
1751 1532 1936 1565 Martinus

303 1590 416 1632 (quod
441 1598 514 1621 non
533 1589 613 1621 sine
631 1588 736 1630 gravi
754 1587 869 1620 animi
892 1585 1067 1619 molestia
1090 1587 1128 1619 et
1150 1586 1287 1618 mentis
1311 1587 1463 1620 nostrae
1490 1587 1775 1628 perturbatione
1805 1587 1938 1620 referi-

303 1646 399 1686 mus)
424 1645 462 1676 in
486 1643 690 1685 reprobum
707 1651 858 1675 sensum
876 1642 996 1679 datus,
1026 1651 1101 1673 non
1125 1640 1247 1673 solum
1274 1650 1424 1674 errores
1449 1651 1535 1674 suos
1559 1642 1660 1674 infra
1689 1642 1938 1683 praemissum

303 1700 505 1733 terminum
522 1707 700 1731 revocare
718 1699 755 1730 et
773 1697 818 1729 de
842 1696 1082 1729 revocatione
1106 1695 1322 1738 hujusmodi
1350 1706 1418 1728 nos
1442 1697 1624 1730 certiores
1651 1697 1777 1730 facere
1799 1705 1866 1729 seu
1893 1696 1940 1729 ad

305 1765 372 1787 nos
389 1754 517 1787 venire
535 1752 760 1794 contempsit
774 1762 782 1792 3
801 1760 931 1784 verum
949 1752 1138 1792 tamquam
1153 1752 1262 1793 petra
1279 1751 1445 1784 scandali
1461 1752 1594 1793 pejora
1603 1752 1793 1793 prioribus
1810 1751 1942 1784 eontra

306 1820 373 1842 nos
397 1811 434 1842 et
460 1809 556 1840 hane
584 1808 751 1840 sanctam
776 1807 903 1839 sedem
936 1811 974 1838 et
1003 1806 1115 1838 fidem
1149 1806 1373 1839 catholicam
1398 1807 1565 1839 seribere
1593 1808 1631 1839 et
1656 1806 1875 1848 praedicare
1903 1806 1942 1839 et

308 1865 402 1897 alios
421 1864 465 1896 ad
484 1863 555 1895 hoe
572 1863 753 1895 inducere
770 1871 844 1893 non
863 1862 920 1893 est
936 1861 1090 1900 veritus,
1113 1862 1270 1903 propter
1287 1862 1399 1902 quod,
1418 1862 1515 1894 sicut
1530 1862 1612 1903 ipse
1627 1862 1704 1903 jam
1728 1861 1941 1894 haereticus

309 1921 366 1952 est
384 1918 607 1956 declaratus,
627 1917 681 1949 ita
697 1918 735 1949 et
759 1916 824 1949 alii
842 1917 955 1948 etiam
973 1925 1047 1948 non
1071 1925 1209 1957 parvae
1227 1917 1461 1949 auctoritatis
1479 1918 1517 1950 et
1539 1916 1747 1959 dignitatis,
1765 1916 1942 1958 propriae

310 1983 399 2007 suae
439 1972 571 2005 salutis
603 1972 856 2009 immemores,
890 1971 1008 2012 ipsius
1049 1970 1203 2003 Martini
1233 1972 1453 2012 pestiferam
1492 1972 1771 2005 haereticorum
1803 1971 1943 2004 sectam

310 2028 460 2071 publice
484 2030 523 2060 et
547 2027 694 2059 notorie
720 2027 921 2067 sequentes
946 2026 1056 2067 eique
1080 2025 1203 2067 palam
1228 2028 1266 2059 et
1287 2026 1437 2068 publice
1462 2026 1655 2065 auxilium,
1682 2025 1881 2058 consilium
1904 2026 1943 2059 et

310 2085 477 2117 favorem
503 2082 845 2119 subministrantes,
871 2081 1068 2122 ipsumque
1093 2081 1297 2113 Martinum
1320 2082 1359 2113 in
1385 2082 1461 2114 suis
1483 2081 1741 2114 inobedientia
1762 2082 1799 2113 et
1815 2080 1943 2113 contu-

315 2139 435 2171 macia
466 2138 721 2175 confoventes,
752 2137 790 2169 et
817 2136 881 2168 alii
910 2135 1204 2177 publicationem
1233 2136 1416 2169 dictarum
1443 2136 1648 2169 liberarum
1680 2135 1940 2177 impedientes,

311 2202 450 2235 poenas
468 2193 505 2224 in
524 2192 634 2224 dictis
653 2191 792 2223 nostris
809 2191 931 2223 literis
949 2191 1136 2223 contentis
1154 2191 1418 2224 damnabiliter
1434 2191 1677 2224 incurrerunt
1699 2191 1738 2223 et
1760 2190 1945 2223 haeretici

311 2249 446 2280 merito
480 2249 568 2280 sunt
599 2247 762 2279 habendi
791 2248 904 2286 atque
938 2246 982 2278 ab
1020 2246 1192 2278 omnibus
1231 2246 1540 2279 christifidelibus
1580 2245 1757 2284 evitandi,
1797 2245 1945 2278 dicente

313 2302 482 2344 apostolo
503 2312 510 2334 z
531 2302 773 2335 Haereticum
791 2301 982 2334 hominem
998 2303 1084 2343 post
1111 2310 1223 2333 unam
1240 2302 1278 2334 et
1302 2302 1503 2334 secundam
1520 2300 1794 2334 correctionem
1808 2300 1943 2339 devita,

314 2359 436 2390 sciens
469 2358 557 2398 quia
584 2357 786 2389 subversus
815 2358 884 2395 est,
912 2357 976 2397 qui
1008 2357 1194 2398 eiusmodi
1221 2358 1290 2395 est,
1318 2358 1356 2389 et
1384 2356 1580 2397 delinquit,
1611 2365 1695 2388 eum
1719 2355 1768 2387 sit
1791 2355 1945 2397 proprio

316 2413 458 2455 judicio
477 2412 759 2444 condemnatus.

362 2469 384 2507 g
400 2468 431 2499 3.
452 2467 502 2499 Ut
526 2467 643 2509 igitur
680 2476 764 2499 cum
789 2466 952 2499 Martino
977 2467 1016 2499 et
1037 2466 1121 2499 aliis
1144 2466 1345 2500 haereticis
1378 2466 1709 2499 excommunicatis
1734 2467 1772 2499 et
1795 2465 1946 2498 anathe-

321 2522 502 2554 matizatis
538 2524 576 2554 et
606 2521 816 2554 maledictis
852 2522 986 2554 merito
1023 2521 1258 2563 copulentur,
1292 2523 1330 2555 et
1364 2522 1461 2554 sieut
1499 2522 1537 2553 in
1574 2521 1824 2562 delinquendo
1857 2520 1948 2552 dicti

322 2577 474 2609 Martini
506 2577 752 2618 pertinaciam
784 2578 1002 2618 sequantur,
1033 2577 1087 2609 ita
1116 2586 1323 2618 poenarum
1355 2578 1393 2610 et
1420 2576 1581 2609 nominis
1608 2575 1812 2618 participes
1839 2575 1944 2614 fiant,

321 2640 521 2672 secumque
547 2631 752 2664 Lutherani
776 2641 905 2664 vocem
930 2633 968 2664 et
992 2632 1136 2664 debitas
1160 2633 1313 2673 portent
1335 2641 1487 2674 poenas,
1514 2641 1598 2663 cum
1622 2631 1829 2672 praemissa
1853 2630 1946 2662 adeo

321 2686 520 2718 manifesta
544 2688 581 2719 et
611 2687 759 2719 notoria
783 2688 870 2719 sunt
886 2687 1020 2719 effecta
1043 2688 1081 2720 et
1103 2688 1380 2728 permanentes,
1399 2687 1453 2719 ita
1468 2687 1510 2719 ut
1526 2686 1630 2719 nulla
1644 2685 1867 2727 probatione
1885 2685 1949 2717 aut

324 2741 530 2773 monitione
555 2740 612 2773 vel
637 2742 816 2774 citatione
843 2742 1050 2784 indigeant,
1078 2743 1190 2784 prout
1214 2742 1245 2774 si
1270 2744 1353 2775 fore
1377 2742 1612 2775 decernimus
1640 2741 1679 2773 et
1703 2739 1947 2778 declaramus,

370 2911 416 2950 (1)
435 2910 526 2942 Hier
544 2911 663 2942 werdt
681 2911 905 2953 opgemerkt
923 2921 930 2943 :
951 2926 966 2938 ιι
987 2912 1180 2945 Omittitur
1197 2913 1389 2946 residuum
1402 2912 1514 2953 hujus
1532 2911 1754 2948 narrativae,
1774 2910 1950 2951 quoniam

327 2966 405 2997 tota
420 2964 523 2997 bulla
539 2968 594 2998 est
611 2974 706 3006 quae
723 2966 937 2999 immediate
950 2967 1153 3008 praecedit.
1171 2982 1185 2995 n
1202 2968 1251 3009 (d.
1266 2967 1290 3000 i.
1318 2967 1364 3000 de
1386 2966 1450 3000 bul
1468 2976 1538 3000 van
1563 2965 1694 3000 17Ju11
1712 2964 1823 3006 1520.)
