2096 3481
358 211 422 244 450
1043 207 1178 242 ANNO
1205 208 1288 242 1525

400 319 638 362 Loverinyus.
672 317 888 351 Rediicatur
927 317 972 350 ad
1011 325 1118 349 suum
1157 316 1390 359 ergastulum
1428 316 1538 350 homo
1576 317 1746 359 perditus
1788 325 1830 350 ac
1866 316 1970 350 mali-

357 383 491 407 closuS.

789 427 971 461 Postremi
999 424 1110 460 huius
1137 435 1350 469 conyressus
1375 426 1460 471 finis
1478 426 1538 468 (l).

840 544 1017 589 [Verhaal
1038 556 1111 580 van
1134 546 1329 581 Pistorius'
1355 546 1490 588 eindm]

773 624 940 659 Studiose
963 623 1086 658 lecton·
1109 623 1314 658 Gultelmus
1337 623 1546 668 Gnapheus.

400 713 536 752 Habes,
553 712 709 745 candide
727 711 857 751 lector,
877 712 987 745 huius
1006 711 1219 755 dialogismi
1236 712 1378 745 exitum
1397 721 1404 744 :
1424 720 1534 753 quem
1551 710 1640 744 mihi
1661 710 1700 744 in
1723 719 1876 744 carcere
1898 719 1974 744 una

356 768 482 811 agenti
506 767 716 800 'Wordenas
742 768 870 799 noster
894 767 1020 799 statim
1045 767 1271 806 denarravit,
1297 776 1507 808 quanquam
1535 767 1659 808 paries
1686 765 1882 804 intererat,
1907 765 1973 799 sed

355 822 521 865 ligneus;
548 821 633 854 hinc
657 822 779 853 minus
803 821 954 859 habeas,
981 821 1079 862 quod
1104 822 1149 855 de
1173 822 1246 855 fide
1269 821 1379 854 huius
1405 821 1667 863 disputationis
1691 820 1851 854 dubites.
1870 819 1972 859 Quae

355 886 443 910 vero
470 878 601 918 postea
631 885 803 913 evenere,
833 877 1016 916 quatenus
1045 875 1102 908 vel
1132 885 1152 909 e
1180 885 1331 910 carcere
1359 875 1546 918 speculari
1573 875 1692 914 licuit,
1721 874 1780 909 vel
1812 875 1857 908 ab
1889 874 1972 917 aliis

355 932 474 964 bonae
492 931 579 963 fidei
596 931 685 962 viris
702 932 810 973 gesta
827 931 966 972 accepi,
985 931 1112 972 paucis
1130 931 1236 964 dabo.

398 986 603 1028 Ingruente
634 985 707 1017 iam
735 985 846 1017 huius
875 985 949 1018 diei
981 987 1102 1023 nocte,
1137 995 1208 1027 quo
1240 986 1332 1019 haec
1364 986 1551 1027 disputata
1581 986 1680 1024 sunt,
1711 993 1780 1027 per
1809 983 1973 1018 carceris

355 1041 560 1077 custodem,
594 1040 660 1073 sub
693 1040 824 1072 horam
857 1040 1050 1078 decimam,
1088 1040 1264 1073 nimirum
1303 1041 1427 1078 tacite,
1461 1050 1527 1073 suo
1566 1039 1758 1082 ergastulo
1801 1039 1973 1073 educitur

356 1095 553 1134 I’istorius,
585 1095 690 1135 quasi
717 1104 801 1127 cum
829 1104 947 1127 uxore
975 1104 1042 1128 sua
1070 1095 1178 1136 (quae
1208 1098 1285 1128 tum
1309 1096 1459 1136 quidem
1482 1096 1520 1128 in
1545 1095 1694 1128 aedium
1716 1093 1973 1136 penetralibus

356 1150 498 1191 aderat)
536 1149 819 1190 colloquuturus
859 1151 968 1183 esset.
1015 1149 1087 1183 Sed
1125 1149 1320 1183 eluserunt
1356 1150 1497 1183 bonum
1533 1150 1654 1182 virum
1691 1149 1896 1190 mendaciis
1935 1149 1973 1183 et

355 1204 451 1237 falsa
485 1213 549 1246 spe
584 1203 817 1237 lactaverunt
851 1204 916 1246 filij
955 1204 1106 1243 diaboli,
1145 1205 1208 1246 qui
1246 1206 1354 1247 pater
1391 1206 1448 1238 est
1479 1205 1643 1237 omnium
1676 1204 1971 1238 mendaciorum.

356 1260 440 1292 Non
469 1260 567 1292 enim
595 1259 641 1292 ad
674 1267 841 1296 uxorem,
875 1259 940 1292 sed
968 1260 1006 1292 in
1031 1269 1185 1293 nervum
1214 1260 1410 1293 deducitur
1438 1260 1723 1293 subterraneum
1750 1259 1808 1291 vir
1839 1259 1970 1298 bonus,

356 1314 403 1347 ad
434 1323 543 1354 quem
578 1313 671 1346 nulli
709 1322 863 1355 prorsus
903 1314 1060 1347 dabatur
1095 1314 1226 1347 diebus
1258 1314 1401 1355 aliquot
1438 1323 1619 1347 accessus.
1656 1313 1712 1347 Ea
1745 1313 1971 1355 captivitatis

356 1369 478 1401 forma
508 1368 607 1400 haud
643 1368 800 1400 obscure
835 1368 1098 1411 significabant
1130 1368 1237 1401 illum
1271 1370 1345 1401 iam
1379 1370 1493 1402 morti
1523 1369 1762 1402 destinatum.
1793 1368 1851 1402 Ibi
1879 1377 1969 1402 vero

356 1424 464 1465 cippo
494 1423 682 1455 obstrictis
706 1423 863 1464 pedibus
887 1423 1024 1457 insidet
1047 1425 1190 1466 martyr
1213 1425 1341 1457 noster
1364 1424 1603 1465 quatriduum
1627 1424 1758 1456 totum.
1788 1422 1971 1456 Tentatur

356 1477 417 1511 hic
451 1479 640 1519 postremo
675 1477 755 1510 eius
791 1477 895 1515 fides,
929 1478 1116 1519 animique
1148 1479 1359 1511 constantia
1389 1479 1625 1511 omnifariam
1660 1487 1682 1511 a
1717 1477 1968 1520 magnatibus,

357 1541 379 1564 a
408 1532 613 1569 monachis,
647 1541 668 1564 a
699 1532 966 1570 sacerdotibus,
1000 1542 1021 1566 a
1058 1533 1273 1566 consulibus
1311 1534 1349 1566 et
1379 1543 1401 1566 a
1430 1533 1574 1576 plebeis
1612 1532 1837 1572 hominibus,
1877 1541 1970 1573 quos

357 1586 447 1619 illuc
477 1587 579 1619 varie
611 1587 793 1619 tentatum
821 1587 1001 1620 miserant
1027 1588 1230 1629 sophistae,
1262 1589 1304 1620 ut
1334 1587 1467 1621 saltem
1498 1588 1544 1620 ad
1576 1588 1827 1620 revocandum
1858 1587 1971 1620 addu-

356 1643 518 1674 ceretur.
552 1641 623 1674 Sed
655 1650 806 1682 operam
844 1651 991 1674 omnem
1022 1641 1193 1675 luserunt
1228 1651 1368 1680 omnes,
1402 1652 1487 1676 nam
1518 1652 1565 1676 ne
1596 1642 1643 1675 ad
1673 1641 1790 1675 latum
1820 1641 1970 1683 quidem

355 1706 519 1739 unguem
544 1706 565 1729 a
587 1697 757 1729 veritatis
781 1697 1017 1730 confessione
1035 1697 1228 1730 discedere
1247 1697 1407 1731 volebat.
1426 1698 1583 1730 Possem
1599 1697 1661 1730 hic
1677 1705 1970 1730 commemorare

354 1752 523 1793 parentis
558 1752 688 1793 optimi
721 1751 879 1785 Joannis
919 1751 1090 1784 Custodis
1125 1753 1285 1785 senioris
1324 1752 1590 1785 amicissimum
1624 1761 1708 1785 cum
1742 1751 1820 1785 filio
1858 1751 1970 1784 collo-

355 1807 482 1846 quium
499 1807 558 1847 (2),
578 1815 687 1846 quem
705 1816 788 1838 cum
804 1807 948 1839 videret
964 1807 1020 1839 vir
1036 1807 1156 1839 bonus
1174 1808 1394 1840 confirmata
1418 1816 1499 1840 esse
1523 1807 1598 1840 fide
1620 1807 1659 1839 in
1676 1807 1796 1840 Deum
1813 1806 1969 1847 eiusque

354 1861 521 1898 verbum,
541 1863 578 1893 et
595 1861 809 1903 coniugium
835 1861 931 1894 velle
956 1862 1138 1903 sanguine
1163 1872 1229 1894 suo
1255 1863 1457 1899 vindicare,
1483 1863 1536 1894 ita
1559 1863 1600 1894 ut
1621 1863 1781 1894 mortem
1804 1862 1969 1894 contem·

354 1917 472 1954 neret,
491 1925 610 1956 neque
629 1916 827 1956 quicquam
845 1925 987 1955 eorum,
1007 1917 1105 1957 quod
1122 1917 1243 1958 ipsum
1261 1917 1305 1949 ab
1323 1917 1494 1949 instituto
1519 1916 1743 1955 retraheret,
1762 1917 1967 1958 respicere,

353 1971 416 2002 aut
439 1979 552 2011 supra
576 1969 764 2002 Christum
789 1970 944 2002 charum
968 1971 1134 2004 habere:
1161 1972 1479 2004 confirmatiorem
1502 1971 1621 2004 filium
1645 1980 1667 2004 a
1690 1980 1729 2004 se
1753 1970 1968 2012 relinquere

353 2024 494 2063 volens,
513 2025 624 2057 iussit
637 2024 743 2057 illum
760 2026 878 2058 macte
894 2026 1017 2058 animo
1032 2035 1074 2058 ac
1090 2027 1228 2059 virtute
1247 2036 1342 2064 esse,
1359 2028 1531 2068 paratum
1545 2035 1584 2059 se
1601 2026 1751 2067 quidem
1766 2025 1969 2058 Abrahami

352 2079 524 2120 exemplo
539 2079 599 2121 (3),
619 2079 736 2111 filium
763 2080 898 2121 oppido
923 2080 1090 2118 charum,
1116 2082 1245 2123 utpote
1270 2091 1291 2114 a
1315 2091 1386 2122 quo
1412 2090 1601 2122 nunquam
1624 2080 1739 2113 ullam
1762 2080 1968 2113 laesionem

354 2135 572 2175 accepisset,
603 2135 681 2167 Deo
711 2135 860 2167 offerre.
889 2135 995 2172 Quod
1022 2136 1140 2177 patris
1168 2137 1307 2169 factum
1330 2136 1426 2169 mire
1455 2135 1644 2177 displicuit
1669 2135 1967 2176 inquisitoribus,

355 2190 393 2221 et
417 2198 544 2221 omnes
568 2189 802 2221 adversarios
826 2190 987 2230 pessime
1015 2190 1158 2223 habuit.
1184 2191 1329 2233 Dignus
1355 2191 1505 2232 quidem
1527 2190 1634 2223 labor
1650 2191 1762 2228 esset,
1779 2190 1812 2222 si
1827 2190 1969 2232 pariter

355 2252 698 2282 commemorarem,
718 2253 879 2284 quonam
901 2253 1082 2286 responso
1099 2255 1390 2287 unumquenque
1413 2246 1639 2279 monitorem
1661 2246 1700 2278 in
1723 2253 1874 2278 carcere
1897 2243 1969 2277 hoc

355 2298 552 2338 quatriduo
591 2299 795 2339 exceperit,
829 2299 1036 2340 quibusque
1069 2300 1177 2333 dictis
1209 2301 1247 2333 et
1277 2300 1430 2332 monitis
1465 2299 1634 2342 singulos
1666 2299 1862 2337 dimiserit,
1894 2299 1968 2331 nisi

356 2353 566 2385 nominibus
591 2353 831 2391 abstinerem,
858 2355 895 2386 et
917 2363 978 2387 res
1002 2355 1084 2396 ipsa
1105 2355 1293 2396 prolixum
1317 2364 1529 2388 sermonem
1556 2354 1776 2396 postularet.
1801 2353 1968 2388 Tandem

353 2416 455 2445 vero,
489 2417 571 2439 cum
602 2408 774 2440 viderent
805 2408 995 2449 sophistae
1023 2411 1060 2442 et
1091 2410 1391 2443 adversariorum
1427 2410 1536 2442 turba
1569 2418 1610 2442 se
1644 2408 1737 2442 nihil
1770 2409 1968 2450 quicquam

352 2462 548 2503 proficere,
583 2471 804 2503 quocunque
836 2463 987 2496 tandem
1018 2463 1180 2497 telorum
1214 2472 1355 2507 genere
1390 2464 1732 2497 constantissimum
1761 2465 1967 2506 martyrem

353 2517 601 2555 adorirentur,
620 2517 709 2549 victi
725 2517 796 2558 ipsi
813 2518 963 2551 vincere
980 2520 1115 2560 parant
1138 2519 1197 2552 vel
1220 2520 1384 2562 ignibus.
1403 2519 1601 2552 Extruitur
1624 2528 1754 2562 rogus,
1778 2518 1967 2552 indicatur

397 2667 443 2710 (1)
468 2669 666 2712 Gnapheus
689 2671 774 2704 wist
796 2671 962 2705 wellieht
985 2681 1060 2714 nog
1083 2671 1173 2710 niet,
1200 2671 1263 2706 dat
1286 2673 1472 2706 Pistorius
1497 2682 1572 2716 nog
1594 2671 1691 2706 later
1715 2673 1810 2706 twee
1834 2672 1966 2706 onder-

350 2724 556 2766 vragingen
581 2725 685 2758 heeft
708 2727 943 2759 onderstaan.
964 2727 1133 2760 Daarvan
1151 2728 1306 2770 spreekt
1321 2728 1371 2770 hij
1391 2727 1520 2762 echter
1535 2728 1574 2760 in
1591 2727 1663 2770 ziJn
1680 2726 1964 2762 Nederlandsch

349 2778 512 2810 verhaal.
531 2780 607 2820 (Zie
624 2780 689 2813 het
705 2780 889 2823 volgende
907 2781 993 2813 stuk
1010 2787 1048 2813 11¹·
1065 2782 1157 2824 379.)

395 2831 441 2872 (2)
465 2831 509 2864 In
531 2835 699 2875 margine
723 2843 730 2866 :
750 2834 830 2867 Hoc
847 2833 1075 2875 colloquium
1090 2836 1130 2867 in
1147 2844 1299 2871 carcere
1315 2836 1443 2879 priore
1460 2834 1628 2870 habitum
1646 2836 1715 2870 est.

394 2884 426 2925 (3
429 2893 440 2926 )
529 2885 632 2921 Idem
722 2898 729 2920 1
748 2888 951 2923 Abrahami
969 2889 1193 2933 exemplum.
