2096 3481
813 217 951 251 ANNO
977 215 1061 249 1525
1691 212 1754 271 319

114 331 312 364 vivendum
336 330 597 368 conduxerint,
617 329 729 362 etiam
753 337 821 370 per
849 328 1134 361 concionatores
1159 327 1198 359 in
1223 326 1300 359 suis
1326 325 1564 358 contionibus
1594 326 1631 358 et
1660 324 1753 357 alios

114 387 177 428 qui
195 386 363 420 ecclesiis
388 386 555 427 presunt,
583 384 834 418 observandas
861 385 899 416 et
922 385 1049 416 cetera
1074 384 1112 415 in
1139 382 1212 414 hiis
1238 381 1411 414 omnibus
1436 383 1473 414 et
1502 380 1664 423 singulis
1689 381 1753 413 aut

113 441 266 474 illorum
291 441 487 474 occasione
516 440 730 473 necessaria
756 439 814 472 vel
845 440 1032 481 oportuna
1061 439 1124 471 aut
1148 447 1220 479 que
1249 437 1371 470 eidem
1399 436 1618 477 inquisitori
1646 444 1755 477 expe-

115 497 257 530 dientia
279 496 517 534 videbuntur,
544 495 720 534 faciendi,
744 494 942 532 condendi,
964 493 1164 526 ordinandi
1183 494 1220 526 et
1237 492 1448 532 statuendi3
1476 492 1616 524 statuta
1639 491 1752 524 etiam

115 561 423 593 quorumcunque
455 551 656 592 presertim
689 549 1030 583 ecclesiasticorum
1062 548 1252 587 visitandi,
1287 549 1336 586 et,
1371 547 1402 579 si
1431 556 1502 588 que
1531 547 1661 587 iniqua
1689 548 1754 578 aut

113 607 229 648 impia
245 606 302 640 vel
322 607 523 640 temeraria
539 606 764 648 reppererit,
792 604 950 637 tollendi
968 606 1005 637 et
1030 604 1205 637 abolendi
1229 604 1267 636 et
1291 611 1364 643 que
1387 611 1456 644 pro
1479 604 1564 634 voto
1584 601 1751 634 fidelium

114 670 156 694 ac
184 671 314 695 eorum
342 662 542 695 devotione
568 660 764 694 alteranda
789 661 927 698 forent,
958 660 996 692 in
1024 659 1159 692 melius
1185 657 1461 698 commutandi3
1492 666 1534 690 ac
1558 657 1595 689 in
1625 657 1663 689 et
1683 665 1752 698 pro

113 717 286 750 omnibus
315 718 352 750 et
383 716 543 759 singulis
570 716 766 758 premissis
798 724 958 748 censura
983 714 1240 748 ecclesiastica
1271 714 1336 746 aut
1363 712 1503 745 mulcta
1534 712 1755 754 pecuniaria

112 773 255 806 utendi.

155 828 204 861 Et
231 828 320 869 quia
343 829 526 861 nocturno
555 829 725 869 tempore
749 837 791 861 ae
816 827 854 860 in
880 827 1047 860 tenebris
1072 825 1321 860 committitur
1345 823 1548 866 aliquando
1577 824 1616 857 et
1643 822 1753 865 (proh

113 883 234 925 dolor)
252 884 450 917 commisse
468 885 555 916 sunt
570 893 640 925 per
657 883 859 916 nonnullos
877 883 1088 924 iniquitatis
1106 882 1218 921 filios,
1239 882 1363 914 satore
1381 880 1568 913 malorum
1586 880 1753 912 oninium

112 938 262 971 diabolo
290 938 509 981 instigante,
539 938 782 971 detestabiles
812 940 850 971 et
876 938 1031 970 mininie
1063 937 1264 971 referende
1297 936 1598 969 abominationes
1632 944 1674 968 ac
1707 935 1751 967 ab

113 994 286 1026 omnibus
321 993 559 1027 abhorrendo
590 994 800 1036 ignominie
840 994 879 1026 in
919 993 1104 1036 imagines
1141 992 1283 1025 domini
1320 991 1442 1024 nostri
1480 991 1573 1025 Jesu
1613 990 1753 1024 Christi

112 1049 283 1082 crucifixi
307 1058 374 1082 seu
399 1050 526 1082 sancte
551 1049 673 1082 crucis
699 1050 763 1082 aut
787 1048 947 1082 aliorum
972 1050 1189 1081 sanctorum
1214 1049 1252 1081 et
1280 1048 1318 1080 in
1346 1046 1464 1080 valvis
1493 1046 1752 1085 ecclesiarum,

112 1114 181 1138 nec
209 1105 297 1137 sciri
320 1105 445 1147 potuit
472 1105 536 1137 aut
562 1106 699 1146 potest,
730 1105 794 1146 qui
820 1105 965 1138 fuerint
992 1104 1032 1136 hi
1060 1104 1306 1147 ignominiosi
1333 1103 1592 1145 injuriatores,
1621 1103 1755 1134 contra

111 1160 206 1194 tales
242 1161 281 1193 in
312 1169 454 1203 genere
489 1169 558 1202 per
589 1160 754 1193 edictum
792 1159 986 1202 publicum
1023 1169 1065 1192 ac
1100 1169 1167 1192 seu
1198 1159 1398 1192 citationes
1435 1157 1554 1191 valvis
1585 1158 1754 1200 ipsarum

112 1215 359 1250 ecclesiarum
376 1215 435 1249 vel
453 1216 499 1248 ad
524 1215 598 1248 alia
615 1215 698 1248 loea
721 1215 873 1257 publica
897 1215 1118 1258 affigendas,
1138 1215 1252 1248 etiam
1275 1223 1344 1256 per
1361 1223 1540 1247 censuras
1558 1213 1753 1246 ecclesias-

111 1272 205 1304 ticas
235 1270 441 1304 mulctasve
473 1271 724 1313 pecuniarias,
759 1272 873 1304 etiam
901 1280 969 1313 per
996 1271 1174 1309 bannum,
1204 1271 1457 1312 privationem
1484 1269 1753 1303 benefitiorum

112 1327 226 1361 etiam
243 1327 325 1369 ipso
342 1327 442 1360 facto
469 1329 506 1360 et
529 1336 597 1369 per
621 1326 901 1360 inhabilitatem
926 1327 972 1359 ad
993 1326 1060 1359 illa
1083 1327 1148 1359 aut
1171 1325 1245 1359 alia
1268 1326 1518 1368 imposterum
1535 1324 1755 1366 recipienda

112 1384 176 1417 aut
199 1382 384 1421 habenda,
409 1383 641 1424 procedendi
666 1392 709 1416 ac
733 1382 963 1416 decernendi
988 1383 1026 1415 et
1048 1377 1332 1424 pronuntiandi,
1359 1381 1532 1414 invocato
1569 1381 1682 1414 etiam
1708 1380 1753 1413 ad

111 1438 182 1472 hec
209 1440 248 1472 et
275 1438 350 1471 alia
376 1439 562 1480 premissa
590 1438 731 1471 auxilio
756 1437 903 1471 brachii
931 1437 1131 1479 secularis3
1161 1446 1278 1470 unum
1292 1437 1338 1479 (1)
1364 1446 1513 1478 quoque
1536 1435 1596 1470 vel
1624 1435 1754 1478 plures

111 1495 301 1537 ydoneum
318 1503 384 1527 seu
401 1494 570 1537 ydoneos
587 1494 884 1527 sufficientemve
901 1503 968 1526 seu
986 1493 1217 1527 sufficientes
1234 1493 1356 1526 virum
1373 1492 1433 1526 vel
1450 1493 1564 1532 viros,
1584 1491 1754 1533 quamvis

112 1550 226 1583 etiam
250 1550 417 1583 nondum
434 1550 766 1593 quadragesimum
791 1559 857 1583 sue
875 1550 1010 1583 aetatis
1028 1559 1167 1582 annum
1185 1549 1384 1592 attigerint
1408 1558 1479 1582 nec
1502 1548 1542 1580 in
1568 1548 1754 1591 dignitate

111 1605 369 1639 ecclesiastica
395 1606 591 1638 constituti
618 1605 773 1644 fuerint,
804 1604 886 1638 loco
916 1606 974 1638 sui
1002 1605 1118 1638 variis
1146 1605 1338 1638 interdum
1368 1604 1559 1646 prepediti
1588 1603 1754 1646 negotiis

112 1670 182 1695 nce
214 1660 375 1694 valentis
408 1661 454 1693 ad
486 1660 637 1704 singula
667 1660 751 1694 loca
783 1661 892 1693 offitii
924 1669 991 1694 sue
1023 1660 1283 1702 inquisitionis
1313 1659 1570 1702 personaliter
1600 1658 1658 1692 ire
1689 1659 1755 1691 aut

111 1716 272 1760 singulis
290 1717 488 1755 interesse,
507 1726 592 1750 cum
609 1716 725 1749 simili
748 1716 807 1750 vel
831 1716 994 1750 limitata
1016 1717 1206 1758 potestate
1230 1715 1498 1754 substituendi,
1525 1713 1753 1757 sui-rogandi

110 1774 148 1805 et
175 1771 448 1816 subdelegandi
476 1781 518 1805 ac
546 1772 694 1813 quoties
722 1772 795 1805 sibi
821 1771 1020 1814 placuerit,
1049 1771 1158 1805 illum
1182 1771 1242 1805 vel
1266 1771 1353 1804 illos
1376 1770 1594 1809 revocandi,
1619 1769 1754 1802 eonsti-

109 1828 318 1860 tutionibus
358 1829 396 1861 et
435 1828 737 1861 ordinationibus
778 1827 996 1869 apostolicis
1036 1828 1151 1860 etiam
1193 1827 1233 1860 in
1271 1836 1432 1870 corpore
1473 1826 1570 1869 juris
1613 1825 1753 1858 clausis

109 1884 321 1924 ceterisque
353 1893 425 1924 que
461 1884 657 1925 premissis
693 1883 978 1924 quomodolibet
1008 1884 1159 1917 obstare
1194 1883 1361 1925 possent,
1403 1892 1479 1915 non
1515 1881 1753 1915 obstantibus

108 1940 406 1981 quibuscunque,
441 1948 516 1971 non
549 1939 785 1972 obstantibus
817 1939 932 1972 etiam
964 1939 1138 1972 omnibus
1165 1938 1256 1978 illis,
1291 1947 1364 1980 que
1388 1938 1541 1972 sanctus
1578 1936 1752 1969 dominus

108 1997 237 2029 noster
259 2004 358 2037 papa
380 1996 551 2037 prefatus
572 1995 612 2027 in
638 1996 715 2028 suis
732 1995 957 2037 preinsertis
975 1996 1013 2028 et
1029 1995 1132 2028 illius
1149 1995 1398 2037 predecessor
1414 1994 1605 2028 Adrianus
1622 1993 1752 2027 sextus

107 2052 146 2085 in
164 2051 241 2084 suis
259 2050 398 2084 litteris
415 2050 618 2084 voluerunt
634 2051 845 2093 respective
863 2060 937 2083 non
955 2051 1119 2084 obstare.

458 2117 717 2160 Rijksarchief
740 2120 777 2152 te
802 2117 970 2158 BrusseI,
996 2118 1168 2162 Reyistre
1190 2128 1256 2152 sur
1285 2117 1319 2152 Ze
1341 2118 1444 2162 faict,
1472 2127 1567 2156 enz.,
1593 2116 1659 2150 fol.
1685 2115 1751 2149 606

503 2183 628 2207 verso·
646 2174 722 2207 610.
740 2192 784 2198 —
801 2173 900 2208 Over
923 2174 978 2206 dit
994 2174 1094 2213 stuk,
1113 2174 1169 2208 zie
1187 2175 1233 2208 de
1250 2174 1360 2217 Hoop
1379 2173 1560 2213 Scheffer,
1582 2171 1751 2208 Geschie-

503 2229 622 2269 denis,
640 2229 710 2263 blz.
730 2229 807 2270 206,
827 2230 891 2263 207
909 2239 955 2264 en
972 2229 1050 2269 208,
1070 2231 1162 2264 noot
1179 2230 1209 2263 1.

870 2379 994 2425 268.

178 2516 317 2563 1525,
347 2510 514 2555 Μαανέ
552 2516 627 2563 20,
657 2511 816 2555 Rome.
846 2508 985 2550 Breve
1008 2514 1093 2550 van
1116 2519 1223 2563 paus
1247 2505 1446 2551 Clemens
1470 2504 1553 2549 VII
1575 2503 1747 2562 ger-ioht

107 2587 172 2628 tot
194 2584 355 2628 Olivier
377 2584 594 2637 Buedens,
619 2585 793 2629 Nicolas
817 2583 1023 2626 Houzeau
1042 2595 1095 2625 en
1118 2581 1319 2626 Nicolaas
1352 2579 1531 2637 Coppin,
1561 2578 1744 2636 waarbij

105 2653 165 2712 hij
185 2654 335 2698 hunne
368 2654 683 2711 inquisitoriale
706 2653 851 2697 macht
874 2652 1125 2696 hernieuwt
1148 2665 1201 2695 en
1224 2649 1446 2695 uitbreidt.
1476 2674 1532 2682 —
1554 2650 1615 2693 De
1637 2663 1745 2706 paus

107 2723 354 2778 herinnert,
374 2724 449 2781 dat
471 2724 530 2781 hij
557 2738 609 2781 op
628 2723 816 2767 verzoek
838 2737 924 2766 van
948 2722 1031 2765 den
1050 2721 1209 2765 Keizer
1232 2735 1287 2764 en
1304 2734 1391 2764 van
1411 2719 1463 2764 de
1488 2719 1744 2776 Landvoog-

106 2793 182 2836 des
204 2793 288 2837 den
320 2793 549 2838 kardinaal
581 2807 669 2837 van
707 2791 1041 2837 Ste-Anastasia
1070 2791 1214 2849 gelast
1232 2789 1356 2834 heeft
1374 2793 1462 2834 met
1485 2803 1565 2834 een
1590 2788 1748 2832 onder-

153 2946 200 2988 (l)
226 2945 282 2988 Op
300 2946 371 2979 den
388 2946 481 2979 rand
498 2955 505 2978 :
527 2946 692 2980 Potestas
706 2943 986 2988 subdeleqandi.
