2096 3481
290 248 353 280 252
986 244 1122 278 ANNO
1150 244 1233 276 1524

331 356 423 388 Vale
440 357 477 388 in
496 355 658 391 Christo,
675 355 727 386 mi
744 355 874 387 frater.
901 353 1072 386 Salutant
1089 354 1125 386 tc
1143 364 1270 387 omnes
1289 356 1407 387 nostri
1424 356 1578 397 totaque
1594 357 1754 390 ecclesia
1769 360 1910 399 nostra,

285 411 507 453 pracsertim
538 409 702 443 Jacobus
734 409 978 450 Praepositus
1007 409 1045 441 et
1070 409 1208 442 fratres
1236 419 1283 442 ex
1309 410 1527 452 Antverpia,
1558 411 1707 453 tuisque
1735 415 1911 455 precibus

290 475 371 498 sese
389 465 664 497 commendant.

330 520 626 562 WVitembcrgaQ
648 519 744 557 1524,
763 520 861 552 feria
877 519 991 551 tertia
1006 520 1092 560 post
1106 520 1274 551 Antonii.

1468 576 1653 609 Martinus
1670 578 1824 611 Luther.

635 653 677 685 E.
707 652 747 684 L.
776 652 933 689 Enders,
971 650 1132 685 Luther's
1158 650 1430 694 Briefwechsel‚
1462 653 1542 685 dee]
1572 653 1633 693 IV,
1659 654 1728 687 blz.
1755 655 1912 696 280-282,

679 707 817 739 alwaar
845 707 919 739 ook
947 707 992 739 de
1019 707 1262 749 verschillige
1290 707 1467 749 uitgaven
1495 717 1566 740 van
1595 709 1708 742 dezen
1737 710 1834 744 brief
1861 712 1914 753 (in

677 762 703 794 't
719 762 841 803 Latijn
867 771 913 794 en
938 762 976 793 in
1001 761 1026 793 ’t
1052 761 1222 802 Duitsch)
1246 762 1415 795 vermeld
1438 764 1603 796 worden.
1622 783 1666 788 —
1682 765 1780 797 Kort
1796 775 1845 798 na
1867 767 1914 799 de

677 817 933 859 verbranding
956 818 1023 849 der
1048 817 1143 849 twee
1166 817 1419 859 Augustijnen
1436 818 1473 850 te
1490 818 1644 852 Brussel
1662 820 1695 861 (l
1711 820 1734 852 J
1738 819 1791 852 uli
1816 820 1913 863 1523)

680 872 753 904 had
772 871 915 904 Luther
931 871 1077 905 allerlei
1102 872 1244 904 nieuws
1262 881 1351 904 over
1367 872 1433 905 het
1448 873 1737 915 voorgevallene
1755 876 1911 908 ontvan-

678 938 764 970 gen,
791 927 915 959 zooals
940 927 1052 968 blijkt
1075 927 1131 959 uit
1154 927 1249 968 zijne
1271 927 1577 970 briefwisseling.
1604 928 1647 961 In
1672 938 1792 962 eenen
1814 931 1915 965 brief

679 992 749 1015 aan
765 983 882 1016 Jacob
901 982 1102 1014 Montanus
1120 983 1157 1014 te
1173 982 1306 1014 Erfurt
1330 981 1386 1023 (26
1407 982 1431 1015 J
1435 982 1488 1014 uli
1505 982 1615 1024 1523),
1642 985 1726 1026 zegt
1742 984 1884 1018 Luther
1903 996 1910 1018 :

680 1052 695 1065 κ
714 1039 771 1071 Ex
787 1037 968 1071 Flandria
983 1038 1082 1069 bona
1098 1037 1310 1078 accepimus
1335 1038 1479 1076 nuntia,
1499 1047 1581 1071 esse
1600 1038 1693 1071 duos
1710 1048 1756 1072 ex
1773 1041 1913 1073 nostris

680 1093 860 1126 fratribus
876 1102 944 1134 pro
962 1092 1076 1125 verbo
1095 1092 1165 1124 Dei
1182 1092 1334 1124 exustos
1354 1092 1571 1125 Brussellae
1594 1094 1632 1125 in
1656 1095 1738 1126 foro
1762 1095 1912 1136 publico

677 1148 904 1189 spectaculo,
925 1148 1003 1180 Deo
1028 1147 1152 1189 gratia
1174 1156 1243 1188 per
1268 1147 1469 1181 Christum.
1490 1163 1505 1174 n
1523 1166 1567 1170 —
1583 1148 1775 1182 Tusschen
1800 1150 1844 1182 26
1867 1160 1914 1183 en

678 1204 720 1236 29
735 1203 815 1236 Juli
839 1202 987 1243 schrijft
1011 1202 1155 1235 Luther
1180 1211 1249 1234 aan
1272 1201 1424 1234 Johann
1450 1202 1583 1235 Crotus
1603 1213 1610 1235 ε
1638 1217 1653 1230 ιι
1672 1204 1806 1237 Exusti
1827 1206 1915 1238 sunt

674 1259 751 1300 Jam
791 1259 863 1290 duo
902 1258 1039 1290 fratres
1079 1257 1307 1295 Brussellae,
1349 1257 1483 1289 tertius
1524 1258 1634 1290 simul
1674 1259 1730 1300 (ut
1766 1261 1914 1301 vocant)

680 1314 920 1356 degradatus,
940 1313 1118 1350 nescitur,
1143 1313 1182 1344 in
1208 1321 1298 1352 quas
1322 1311 1497 1353 Assyrias
1522 1314 1586 1345 aut
1609 1313 1823 1355 Babylonas
1846 1324 1915 1357 per

679 1369 866 1411 sophistas
907 1367 1110 1400 translatus
1146 1368 1205 1399 sit.
1247 1367 1357 1399 Multi
1391 1367 1430 1398 in
1465 1368 1679 1400 carceribus
1717 1371 1915 1403 servantur

677 1425 791 1457 simili
818 1424 990 1456 victimae
1019 1423 1156 1455 devoti.
1178 1438 1193 1450 ε’
1218 1440 1261 1445 -
1288 1423 1370 1455 Den
1394 1421 1437 1454 29
1461 1423 1499 1454 of
1522 1422 1563 1454 30
1585 1423 1665 1456 Juli
1689 1424 1838 1466 schrijft
1860 1425 1911 1467 hij

679 1489 748 1512 aan
777 1479 992 1521 Spalatinus
1019 1488 1027 1510 z
1059 1492 1074 1504 u
1093 1478 1292 1511 Caeterum
1319 1477 1442 1519 prima
1463 1477 1558 1510 Julii
1582 1479 1669 1510 sunt
1692 1480 1816 1512 exusti
1840 1481 1912 1513 duo

678 1536 816 1568 fratres
848 1534 969 1566 nostri
999 1533 1299 1576 Augustinenses
1327 1541 1347 1565 e
1375 1532 1531 1574 captivis
1561 1532 1911 1575 Antverpiensibus,

678 1591 968 1630 constanterque
999 1589 1138 1621 mortui
1168 1588 1207 1620 in
1243 1587 1404 1626 Christo,
1443 1596 1602 1628 quorum
1632 1597 1728 1621 unus
1758 1590 1913 1622 vocatur

676 1646 843 1678 Joannes
876 1645 994 1677 Nesse
1027 1644 1117 1685 (sic),
1152 1643 1316 1675 nondum
1355 1643 1513 1685 triginta
1544 1652 1739 1676 annorum.
1773 1644 1914 1682 Quarta

676 1702 762 1742 post
796 1700 950 1733 exustus
986 1699 1043 1731 est
1074 1699 1208 1731 tertius
1243 1699 1362 1730 frater
1393 1698 1616 1730 Lambertus
1648 1708 1842 1731 successor
1866 1685 1911 1732 in

679 1757 792 1788 verbo
805 1755 938 1788 Jacobi
952 1755 1071 1786 nostri
1085 1754 1310 1794 Praepositi.
1321 1753 1436 1785 Facta
1448 1753 1505 1785 est
1517 1752 1610 1785 haec
1623 1762 1684 1785 res
1695 1753 1911 1787 Brussellae

678 1813 716 1844 in
733 1811 883 1852 publico
900 1811 995 1842 soro.
1018 1809 1146 1842 Gratia
1170 1809 1332 1847 Christo,
1352 1808 1415 1849 qui
1433 1808 1583 1840 tandem
1607 1809 1731 1849 coepit
1746 1809 1911 1841 fructum

675 1867 839 1907 aliquem
856 1865 961 1898 verbi
978 1864 1110 1902 nostri,
1127 1864 1202 1895 imo
1220 1864 1278 1895 sui
1296 1863 1508 1901 ostendere,
1528 1864 1566 1896 et
1583 1873 1698 1895 novos
1722 1864 1909 1905 martyres

677 1923 776 1953 forte
807 1921 949 1962 primos
987 1920 1026 1951 in
1061 1920 1134 1951 ista
1169 1919 1328 1961 regione
1360 1927 1502 1951 creare.
1524 1933 1539 1946 „
1577 1918 1633 1959 (E.
1671 1918 1711 1950 L.
1749 1919 1908 1958 Enders,

679 1975 844 2009 Luther’s
871 1973 1143 2019 Briefwechsel,
1174 1975 1256 2006 deel
1284 1974 1347 2012 IV,
1375 1973 1445 2006 blz.
1477 1973 1627 2012 179-180,
1659 1973 1719 2005 181
1747 1982 1794 2006 en
1819 1973 1909 2016 184.)

675 2031 779 2064 Doch
804 2031 945 2063 weldra
967 2039 1120 2063 vernam
1143 2029 1299 2063 Luther.
1318 2029 1381 2061 dat
1403 2029 1581 2062 Lambert
1597 2028 1748 2061 Thoren
1773 2038 1849 2071 nog
1871 2029 1910 2061 in

675 2087 783 2119 leven
815 2095 903 2118 was.
935 2104 978 2109 ——
1010 2085 1107 2119 Over
1138 2085 1209 2117 den
1240 2084 1338 2116 dood
1369 2093 1439 2116 van
1472 2084 1585 2116 dezen
1623 2083 1824 2126 Augustijn
1855 2083 1910 2116 zie

675 2142 810 2174 verder
827 2151 894 2173 ons
912 2141 1000 2173 stuk
1017 2150 1063 2182 op
1081 2141 1208 2173 datum
1227 2139 1266 2172 15
1284 2139 1504 2180 September
1522 2137 1618 2171 1528.

1038 2284 1161 2328 192.

354 2421 493 2466 1524,
532 2415 748 2458 Januarz·
783 2419 860 2465 23,
900 2415 1059 2456 Rome.
1095 2411 1233 2452 Breve
1274 2409 1380 2451 door
1417 2421 1524 2464 paus
1576 2407 1773 2452 Clemens
1826 2409 1909 2452 VII

283 2487 449 2543 gericht
472 2489 538 2529 tot
555 2486 638 2528 den
663 2485 907 2528 Luikschen
927 2485 1273 2540 prins-hisschop
1293 2498 1346 2527 en
1363 2483 1594 2526 kardinaal
1611 2483 1803 2526 Erardus
1821 2496 1908 2526 van

284 2556 360 2598 der
382 2555 524 2607 Mark,
545 2568 614 2598 om
630 2555 728 2597 hem
751 2554 1041 2610 apostolische
1064 2557 1253 2610 gunsten
1276 2556 1347 2596 toe
1369 2556 1412 2595 te
1435 2556 1561 2595 staan
1585 2566 1638 2594 en
1656 2552 1755 2594 hem
1777 2551 1908 2607 geluk

284 2627 328 2667 te
360 2625 595 2666 wenschen
636 2638 739 2666 over
770 2624 855 2681 zijn
895 2624 1102 2679 krachtig
1140 2623 1354 2666 uitroeien
1393 2622 1470 2664 der
1501 2620 1676 2677 ketterij
1718 2621 1763 2662 in
1796 2620 1908 2677 zijne

286 2693 463 2737 landen.

895 2763 1060 2798 Clemens
1079 2774 1183 2808 papa
1214 2763 1296 2796 VII.

332 2830 475 2863 Dilecte
493 2831 547 2863 fili
565 2832 705 2869 noster,
725 2831 885 2863 salutem
901 2832 940 2863 et
956 2830 1199 2872 apostolicam
1215 2829 1528 2862 benedictionem.

331 2885 435 2916 Licet
451 2885 685 2918 celsitudinis
702 2887 765 2918 tue
787 2885 915 2918 littere
932 2885 1188 2918 amantissime
1204 2886 1316 2925 atque
1338 2883 1611 2915 officiosissime
1627 2882 1766 2923 scripte
1782 2881 1907 2923 gratu-

287 2938 438 2971 lationis
455 2949 588 2972 munus
606 2950 679 2973 non
698 2941 846 2981 quidem
864 2941 971 2973 nobis
995 2949 1104 2981 quam
1122 2940 1190 2972 tibi
1207 2939 1459 2972 necessarium
1484 2937 1630 2970 abunde
1654 2935 1904 2978 impleverint,
