2096 3481
320 341 358 373 34
1006 341 1142 376 ANNO
1168 342 1252 376 1520

322 450 488 493 boeken
509 462 594 492 van
633 448 802 492 Luther
843 448 1188 508 uitgevaardigd,
1238 454 1325 496 met
1369 464 1454 508 nog
1497 453 1727 508 sti-engere
1764 450 1944 496 straffen

317 519 400 563 dan
424 518 588 575 degene
609 518 653 561 in
676 517 728 561 de
746 518 984 576 pauselijke
1002 518 1073 562 bul
1097 520 1308 565 vermeld.
1336 522 1416 564 Dat
1448 520 1555 563 alles
1577 520 1697 565 heeft
1726 520 1947 564 Aleander

317 588 422 631 door
443 587 555 644 zijne
575 586 930 643 werkdadigheid
957 587 1200 645 verkregen
1223 603 1275 632 en
1300 589 1358 646 hij
1384 590 1518 645 hoopt
1551 589 1594 632 in
1627 589 1789 633 andere
1823 589 1944 634 Duit·

317 657 420 700 sche
441 655 706 700 bisdommen
729 669 838 699 even
862 656 970 712 goed
992 660 1037 700 te
1059 658 1205 701 zullen
1221 658 1392 715 slagen.

361 750 452 781 Post
474 749 611 790 pedum
636 748 763 781 oscula
785 749 1009 782 beatorum:
1037 749 1279 784 Sanctissime
1305 751 1466 789 domine,
1495 751 1596 784 Deus
1621 751 1784 792 optimus
1813 751 1947 783 sancti-

318 806 431 836 tatem
448 806 610 836 vestram
627 804 815 845 integram
839 806 877 836 et
894 803 1043 837 felicem
1063 805 1272 839 diutissime
1298 806 1406 838 nobis
1424 807 1561 839 servet.

361 860 415 891 Dc
433 858 647 891 Lutherano
673 859 843 900 negocio,
863 862 904 891 ut
927 860 1053 892 omnia
1078 870 1150 900 quo
1176 861 1308 894 ordine
1333 861 1395 893 hie
1418 862 1604 904 geruntur
1627 860 1806 893 sanctitas
1823 861 1949 893 vestra

316 913 516 956 intelligat,
546 914 665 946 edixit
697 914 844 952 Caesar,
876 914 963 946 dum
990 914 1231 956 Antwerpiac
1260 925 1440 954 essemus,
1471 918 1512 948 ut
1536 916 1762 956 ubicumque
1793 924 1947 948 suorum

316 978 521 1011 regnorum
545 970 584 1001 et
607 969 859 1001 dominiorum
882 968 1105 1002 Lutheriani
1130 971 1194 1002 aut
1218 969 1283 1002 alii
1306 971 1441 1003 famosi
1466 969 1585 1003 libelli
1610 970 1883 1009 invenirentur,
1908 970 1949 1002 hi

317 1032 446 1056 omnes
462 1023 612 1064 publico
629 1025 889 1056 cremarentur
905 1024 998 1066 igni.
1017 1023 1060 1057 Id
1077 1025 1241 1057 edictum
1258 1025 1331 1057 fuit
1348 1025 1499 1066 quidem
1513 1024 1683 1067 generali
1700 1025 1803 1067 regis
1820 1023 1947 1068 sigillo

317 1080 542 1116 autoratum,
561 1079 626 1111 sed
651 1079 739 1119 quia
754 1079 809 1119 (ut
826 1080 957 1120 postea
974 1079 1184 1120 didicimus)
1202 1080 1239 1111 in
1258 1080 1316 1118 iis,
1336 1080 1476 1121 quaein
1501 1080 1706 1112 Brabantia
1721 1080 1827 1117 fiunt,
1847 1079 1949 1112 aliud

317 1133 484 1165 eiusdem
509 1134 611 1175 regis
636 1132 815 1175 sigillum,
843 1134 941 1174 quod
966 1134 1194 1167 Brabantiae
1223 1135 1372 1173 dicitur,
1403 1135 1656 1167 necessarium
1681 1135 1749 1173 est,
1779 1133 1948 1175 illudque

316 1197 360 1220 co
386 1190 555 1229 tempore
580 1197 694 1229 penes
719 1188 945 1221 Brabantiae
970 1189 1237 1222 cancellarium
1261 1190 1418 1222 Lovanii
1435 1192 1542 1222 crat:
1569 1189 1708 1221 idcirco
1727 1199 1813 1228 non,
1832 1190 1874 1221 ut
1889 1197 1949 1221 me

318 1252 437 1284 nuper
464 1251 618 1284 sperare
642 1243 786 1284 scripsi,
813 1245 1018 1284 potuerunt
1048 1244 1288 1286 Antwcrpiae
1318 1245 1492 1277 damnata
1523 1244 1739 1286 hujusmodi
1766 1243 1949 1277 librorum

316 1299 492 1338 portenta
508 1297 633 1329 debito
659 1298 831 1330 incendio
858 1299 1027 1331 interire.

360 1352 499 1384 Verum
516 1362 601 1384 mox
626 1351 832 1385 Lovanium
857 1354 1076 1386 accedentes
1102 1355 1140 1386 et
1166 1354 1384 1386 mandatum
1408 1354 1556 1397 regium
1569 1353 1695 1397 sigillo
1722 1353 1949 1386 Brabantiac

317 1407 644 1439 communiendum
661 1408 942 1448 procuravimus
975 1410 1012 1440 et
1040 1409 1099 1441 die
1117 1412 1248 1441 octava
1264 1409 1420 1442 huiusce
1443 1409 1583 1442 mensis
1600 1409 1794 1451 octoginta
1810 1410 1848 1441 et
1875 1417 1950 1441 am-

317 1461 414 1503 plius
432 1461 622 1494 volumina
638 1462 869 1495 Lutlieriana
886 1463 998 1495 ethis
1022 1464 1193 1505 permisti
1210 1464 1345 1496 famosi
1369 1463 1580 1505 complures
1612 1463 1732 1496 libelli
1755 1464 1794 1496 in
1825 1463 1949 1496 medio

316 1526 336 1549 e
354 1519 532 1558 suggesto
550 1516 716 1549 soroloco
735 1518 814 1559 igni
832 1520 919 1550 sunt
936 1519 1134 1560 absumpti,
1154 1519 1394 1560 presentibus
1408 1519 1446 1551 in
1461 1518 1629 1551 iudiciali
1653 1519 1785 1551 habitu
1808 1518 1946 1560 magis-

317 1572 475 1604 tratibus
493 1573 530 1604 et
545 1571 801 1612 proclamante
829 1573 1064 1605 vocalissimo
1089 1583 1253 1615 precone
1271 1576 1577 1616 suggerenteque
1601 1575 1729 1616 ignem
1757 1573 1945 1611 carnifice,

316 1626 428 1667 idque
445 1627 483 1658 in
497 1626 614 1658 oculis
633 1637 705 1659 non
724 1627 1013 1660 Lovaniensium
1030 1629 1153 1667 modo,
1173 1629 1238 1661 sed
1256 1630 1293 1661 et
1310 1629 1504 1661 nationum
1521 1637 1651 1661 earum
1665 1628 1843 1667 omnium,
1854 1636 1949 1668 quae

316 1682 354 1713 in
372 1691 585 1714 caesaream
609 1681 732 1714 aulam
756 1683 921 1723 undique
953 1684 1140 1716 terrarum
1172 1684 1378 1717 confluunt.
1398 1683 1476 1716 Hos
1508 1683 1626 1716 libros
1652 1683 1823 1725 plerique
1846 1684 1949 1715 metu

316 1746 559 1769 censurarum
577 1737 698 1770 adme
723 1737 943 1777 attulerunt,
970 1738 1063 1771 alios
1088 1748 1109 1772 e
1133 1739 1300 1772 tabernis
1313 1738 1604 1781 bibliopolarum
1621 1738 1774 1771 lictores
1787 1739 1825 1771 et
1841 1746 1951 1780 appa-

317 1792 454 1824 ritores
479 1792 606 1833 oppidi
621 1792 825 1834 diripuere.

360 1846 463 1879 Idem
480 1848 610 1887 postca
626 1848 757 1880 Leodii
774 1849 914 1880 factum
931 1850 988 1881 est
1005 1849 1152 1881 decima
1169 1849 1330 1890 septima
1353 1849 1494 1882 mensis
1512 1849 1590 1890 die3
1617 1849 1683 1881 sed
1699 1848 1832 1881 Leodii
1856 1847 1950 1880 mihi

317 1901 388 1933 fuit
414 1904 499 1942 post
525 1902 627 1944 regis
655 1902 861 1935 discessum
890 1903 1011 1935 adhuc
1044 1904 1286 1944 quatriduum
1317 1904 1606 1941 immorandum,
1637 1904 1755 1936 donec
1783 1903 1946 1935 edictum

318 1956 484 1997 episcopi
516 1957 769 1998 expediretur,
803 1958 902 1998 quod
930 1958 1201 1999 amplissimum
1233 1961 1271 1991 et
1302 1959 1412 2000 quale
1444 1960 1525 2000 ipse
1556 1968 1627 2001 ego
1660 1958 1802 1990 dictare
1832 1956 1947 1995 volui,

317 2010 536 2043 Leodiensis
560 2012 716 2044 antistes
740 2012 833 2044 mihi
850 2012 1110 2046 lubentissime
1135 2014 1332 2046 concessit.
1360 2014 1403 2047 Id
1426 2014 1644 2046 mandatum
1659 2013 1801 2045 factum
1825 2013 1883 2045 est
1910 2012 1948 2044 in

317 2066 567 2098 Lutherianos
591 2066 707 2098 libros
735 2068 772 2099 et
799 2069 966 2100 fautores
992 2078 1133 2107 omncs,
1161 2069 1198 2100 in
1228 2078 1321 2110 quos
1347 2069 1598 2101 animadverti
1622 2068 1728 2100 iubet
1752 2067 1950 2109 episcopus

318 2130 391 2152 non
405 2120 525 2153 solum
538 2122 659 2162 poenis
672 2122 710 2154 in
728 2122 932 2163 apostolico
950 2123 1054 2155 bulla
1070 2124 1269 2161 contentis,
1287 2124 1352 2156 scd
1368 2125 1405 2156 ct
1419 2124 1604 2156 bonorum
1619 2122 1950 2155 confiscationibus

316 2176 517 2216 presertim
541 2177 579 2208 in
603 2177 774 2209 omnibus
800 2177 858 2209 his
883 2177 988 2216 locis,
1008 2187 1103 2218 quae
1129 2179 1166 2210 in
1193 2178 1394 2220 temporali
1412 2179 1530 2220 ipsius
1549 2178 1715 2210 dominio
1733 2178 1948 2210 censentur.

318 2230 438 2262 Huius
456 2231 581 2270 edicti,
597 2241 670 2264 non
685 2234 839 2270 temere,
855 2233 919 2265 sed
934 2234 1093 2273 quadam
1111 2243 1194 2265 cum
1212 2234 1430 2266 maturitate
1444 2235 1482 2266 ct
1494 2233 1747 2274 pensitatione
1766 2231 1946 2273 expediti,

318 2294 511 2326 speramus
539 2287 651 2320 ctiam
676 2289 822 2320 ceteros
847 2289 1070 2321 Germaniae
1095 2289 1292 2330 episcopos
1317 2290 1356 2321 et
1371 2289 1563 2330 principes
1581 2287 1721 2320 similia
1738 2287 1845 2319 nobis
1863 2296 1947 2318 con-

319 2349 502 2373 cessuros.

668 2397 824 2430 Archief
840 2407 910 2430 van
935 2398 1000 2431 het
1023 2398 1222 2437 Vatikaan‚
1252 2397 1337 2432 Cod.
1363 2397 1463 2439 594&
1480 2397 1684 2441 afgedrukt
1707 2397 1746 2429 in
1771 2393 1949 2430 Deutsche

715 2451 1039 2495 Reichseaysakten
1061 2457 1169 2487 unter
1193 2453 1328 2487 Kaiser
1350 2452 1446 2488 Karl
1477 2453 1516 2493 V,
1543 2452 1626 2487 deel
1649 2452 1698 2491 ΙΙ,
1725 2451 1949 2494 (bearbeitet

710 2517 782 2540 von
799 2508 912 2541 Adols
928 2509 1095 2550 VVredc),
1114 2508 1184 2542 blz.
1205 2508 1358 2542 454-456.

1087 2624 1173 2668 35.

392 2744 529 2793 1520,
552 2741 803 2787 December
828 2750 905 2796 31,
935 2745 1140 2788 Leuven.
1171 2745 1412 2790 Uittreksel
1447 2745 1509 2788 uit
1547 2757 1684 2786 eenen
1722 2743 1836 2787 brief
1863 2757 1948 2787 van

321 2812 523 2856 Latomus
556 2827 638 2857 aan
678 2816 929 2871 Rodolphus
964 2816 1016 2858 de
1044 2814 1397 2859 Monckendamis
1431 2811 1810 2871 (Monnikendam)
1843 2827 1948 2856 aan-

320 2881 487 2936 gaande
509 2881 585 2925 het
607 2884 829 2938 gevoelen,
852 2884 926 2927 dat
946 2888 1058 2927 twee
1077 2885 1178 2941 jaar
1195 2897 1380 2940 vroeger
1397 2882 1440 2925 in
1459 2881 1511 2925 de
1528 2881 1808 2925 Leuvensche
1830 2881 1947 2924 Ηοο-

319 2949 521 3004 geschool
557 2951 787 2995 heerschte
809 2966 915 2996 over
937 2952 1138 2997 Luther’s
1170 2953 1351 3010 (eerste)
1373 2950 1601 3008 geschrift.
1630 2974 1686 2982 —-
1711 2949 1946 2993 Verschei-

321 3019 431 3061 dene
466 3020 605 3062 malen
630 3020 748 3063 werd
771 3021 848 3064 het
871 3021 1149 3068 onderzocht.
1176 3023 1400 3067 Nochtans
1424 3021 1554 3065 wilde
1577 3020 1629 3064 de
1659 3017 1946 3076 godgeleerde
