2096 3481
315 249 375 282 324
1020 245 1156 280 ANNO
1182 244 1264 278 1525

317 359 402 390 dum
434 358 616 390 formatus
645 356 866 390 ostendatur
891 357 955 389 aut
986 355 1060 388 alio
1092 355 1202 387 modo
1230 353 1455 387 exhibeatur
1486 352 1550 384 aut
1582 351 1681 392 quod
1709 350 1876 393 episcopi
1906 350 1946 385 in

318 421 473 445 numero
492 421 513 444 a
529 411 736 444 canonibus
753 412 799 444 ad
816 410 955 444 similia
972 410 1131 443 diffinito
1158 409 1335 442 intersint
1362 407 1568 450 procedere
1584 406 1741 448 possint,
1761 407 1799 440 et
1825 407 1948 440 tenea-

316 469 377 499 tur
394 467 431 498 id
448 467 573 499 facere
601 466 845 505 recusaverit,
877 465 1109 498 ordinarium
1137 463 1195 497 vel
1225 463 1338 496 alium
1370 463 1586 504 episcopum
1618 461 1808 503 prefatum
1839 461 1885 494 ad
1909 461 1948 494 id

316 521 474 562 cogendi
492 520 562 558 vel,
582 521 612 553 si
631 521 675 553 de
704 521 868 553 evidenti
894 520 1131 552 contumacia
1153 519 1271 560 ipsius
1299 517 1480 549 ordinarii
1506 517 1569 549 aut
1597 516 1753 549 alterius
1781 516 1948 558 episcopi

318 576 421 607 vobis
439 576 663 614 constiterit,
692 584 962 616 quemcumque
987 573 1196 607 malueritis
1213 573 1399 611 abbatem,
1426 571 1486 604 cui
1512 580 1626 612 super
1642 571 1714 603 hoc
1736 570 1887 612 plenam
1911 572 1950 604 et

316 629 472 662 liberam
500 629 716 662 facultatem
744 630 996 665 concedimus,
1026 630 1067 661 ut
1095 629 1140 661 ad
1168 627 1479 670 degradationem
1508 625 1726 667 hujusmodi
1753 625 1946 667 procedat,

316 683 490 717 similiter
505 685 736 725 requirendi,
753 694 897 717 necnon
911 684 1010 716 bona
1023 684 1190 725 ipsorum
1203 682 1471 720 hereticorum,
1487 681 1692 719 fautorum,
1708 680 1949 713 defensorum

316 740 353 771 et
378 740 656 780 receptatorum
682 748 750 781 pro
769 740 938 780 tempore
969 738 1174 770 confiscata
1201 738 1289 769 fisco
1322 738 1359 769 et
1387 736 1511 769 erario
1544 735 1662 776 ipsius
1693 734 1819 768 Caroli
1845 735 1950 778 regis

319 793 531 835 applicandi
563 795 600 826 et
624 794 911 835 appropriandi3
938 794 975 826 et
997 793 1059 834 qui
1089 793 1134 825 ad
1165 792 1335 824 veritatis
1366 790 1493 823 lumen
1526 790 1652 823 redire
1680 790 1718 822 et
1734 789 1950 831 hujusmodi

318 848 482 881 heresim
500 849 674 881 abiurare
693 848 893 886 voluerint,
919 849 1116 889 postquam
1141 855 1311 880 errorem
1339 855 1447 878 suum
1465 845 1708 886 deposuerint
1725 853 1768 877 ac
1795 845 1841 877 de
1867 853 1951 887 pre·

318 903 442 935 missis
456 902 647 935 doluerint
663 904 775 945 idque
793 902 987 936 humiliter
1003 902 1196 944 petierint,
1212 901 1243 933 si
1261 900 1353 934 alias
1370 900 1511 942 relapsi
1525 909 1598 932 non
1611 899 1767 938 fuerint,
1785 899 1950 941 receptis

319 958 363 990 ab
389 958 480 999 ipsis
497 958 602 999 prius
621 958 858 999 abjuratione
882 958 1028 990 heresis
1052 958 1090 989 et
1114 965 1286 989 errorum
1310 955 1525 997 hujusmodi
1542 954 1714 997 legitime
1741 955 1779 987 et
1800 953 1950 996 publice

317 1012 490 1045 facienda
505 1013 783 1054 prestandoque
800 1021 868 1053 per
885 1021 949 1045 eos
965 1012 1191 1053 juramento,
1208 1010 1307 1052 quod
1325 1009 1416 1042 talia
1432 1009 1610 1050 deinceps
1625 1018 1699 1041 non
1715 1009 1952 1042 committent

318 1076 386 1100 nec
411 1066 501 1099 talia
531 1066 588 1100 vel
619 1066 693 1100 alia
720 1067 794 1099 hiis
823 1066 961 1099 similia
992 1065 1314 1099 committentibus
1342 1074 1407 1098 seu
1440 1064 1710 1097 adherentibus
1737 1063 1949 1102 consilium,

319 1121 501 1154 auxilium
533 1121 591 1154 vel
609 1123 776 1154 favorem
792 1131 860 1163 per
887 1131 926 1154 se
950 1121 1009 1154 vel
1035 1120 1149 1153 alium
1173 1130 1239 1153 seu
1264 1119 1358 1152 alios
1382 1119 1616 1161 prestabant,
1647 1119 1692 1151 ab
1718 1118 1890 1151 omnibus
1914 1119 1953 1152 et

318 1175 477 1218 singulis
495 1176 907 1215 excommunicationis,
927 1175 1186 1218 suspensionis
1210 1176 1249 1208 et
1275 1174 1469 1207 interdicti
1497 1173 1657 1215 aliisque
1685 1172 1951 1207 ecclesiasticis

319 1231 536 1269 sentenciis,
571 1232 740 1264 censuris
769 1232 807 1264 et
844 1231 964 1273 penis,
999 1240 1090 1272 quas
1121 1230 1393 1272 premissorum
1432 1229 1628 1262 occasione
1667 1227 1952 1270 quomodolibet

319 1286 562 1324 incurrerint,
593 1286 638 1319 de
666 1286 824 1318 consilio
850 1287 888 1319 et
919 1295 1073 1318 assensu
1105 1284 1208 1317 illius
1240 1284 1298 1317 vel
1326 1283 1479 1316 illorum
1507 1283 1774 1316 canonicorum
1805 1292 1871 1316 seu
1910 1283 1949 1316 in

320 1340 575 1373 ecclesiastica
593 1341 777 1383 dignitate
794 1341 1097 1377 constitutorum,
1118 1349 1227 1380 quem
1246 1348 1312 1372 seu
1330 1348 1423 1380 quos
1448 1339 1548 1371 dicta
1565 1338 1784 1381 Margareta
1800 1338 1953 1371 duxerit

321 1396 573 1437 deputandam
600 1405 666 1428 seu
684 1396 917 1437 deputandos
936 1397 973 1428 et
990 1404 1063 1427 non
1082 1394 1186 1433 alias,
1213 1394 1257 1426 ab
1284 1394 1501 1435 hujusmodi
1529 1393 1746 1426 excessibus
1775 1393 1813 1426 et
1829 1393 1953 1425 crimi-

320 1451 429 1483 nibus
455 1460 496 1483 ac
521 1450 613 1483 alias
637 1451 675 1483 in
697 1451 819 1483 forma
843 1450 1001 1483 ecclesie
1018 1451 1198 1482 consueta
1215 1448 1450 1490 absolvendi3
1469 1449 1507 1481 et
1531 1457 1644 1490 super
1666 1447 1952 1491 irregularitate

321 1507 495 1546 preterea
523 1505 804 1546 quomodolibet
821 1507 1013 1538 contracta
1029 1506 1067 1538 et
1084 1504 1287 1537 sentenciis
1314 1513 1382 1545 per
1406 1513 1471 1536 vos
1501 1503 1662 1545 desuper
1685 1512 1754 1545 pro
1782 1504 1953 1545 tempore

322 1560 407 1593 latis
437 1561 678 1602 dispensandi
706 1569 929 1601 omnemque
960 1559 1209 1592 inhabilitatis
1243 1560 1281 1592 et
1311 1559 1466 1591 infamie
1499 1558 1684 1591 maculam
1716 1558 1794 1591 sive
1826 1559 1954 1591 notam

321 1616 471 1657 penitus
499 1615 674 1648 abolendi
703 1616 740 1648 et
768 1625 832 1648 eos
859 1614 1128 1648 rehabilitandi
1152 1623 1298 1647 necnon
1323 1614 1369 1646 ad
1396 1613 1567 1646 nostrum
1595 1613 1633 1646 et
1661 1613 1829 1646 eiusdem
1853 1613 1954 1646 sedis

321 1670 507 1713 gremium
525 1679 566 1702 ac
583 1671 744 1713 gratiam
762 1672 800 1703 et
814 1670 1117 1703 benedictionem
1140 1669 1366 1702 restituendi
1383 1669 1421 1701 et
1436 1668 1664 1710 reponendi3
1692 1668 1892 1709 omniaque
1916 1669 1955 1701 et

323 1725 473 1768 singula
496 1725 542 1758 ad
570 1725 786 1767 hujusmodi
812 1726 958 1766 pestem
985 1724 1265 1766 reprimendam
1290 1725 1328 1756 et
1344 1723 1524 1756 radicitus
1542 1723 1803 1765 extirpandam
1827 1732 1954 1756 neces·

324 1781 425 1812 saria
441 1789 505 1813 seu
525 1779 807 1821 quomodolibet
831 1781 1018 1821 oportuna
1039 1779 1215 1818 faciendi,
1246 1779 1415 1821 gerendi,
1446 1778 1657 1817 ordinandi,
1687 1778 1889 1811 exercendi
1917 1778 1955 1811 et

323 1835 533 1876 exequendi
552 1844 594 1867 ac
611 1835 792 1868 auxilium
809 1834 953 1867 brachii
971 1834 1164 1873 secularis,
1183 1834 1215 1866 si
1232 1843 1325 1875 opus
1341 1833 1470 1872 fuerit,
1489 1833 1705 1876 invocandi;

365 1890 413 1923 Et
430 1890 475 1922 ad
503 1891 688 1931 premissa
716 1890 841 1922 omnia
866 1891 904 1922 et
931 1889 1092 1932 singula,
1118 1889 1147 1921 si
1177 1890 1215 1922 et
1242 1889 1390 1930 quando
1418 1889 1598 1930 expedire
1621 1888 1805 1927 videritis,
1823 1897 1952 1926 unum,

323 1945 415 1977 duos
433 1944 491 1978 vel
508 1944 636 1987 plures
653 1945 754 1977 viros
771 1946 880 1986 aptos
898 1946 935 1977 et
953 1945 1121 1986 ydoneos
1144 1944 1182 1976 in
1200 1943 1395 1986 theologia
1418 1944 1456 1976 et
1470 1944 1556 1985 Jure
1579 1943 1795 1985 hujusmodi
1810 1944 1954 1985 peritos

323 2000 361 2032 in
378 2000 582 2041 provinciis
600 2001 637 2032 et
654 1999 746 2032 locis
761 2000 805 2032 de
824 2000 958 2041 quibus
972 1999 1076 2032 vobis
1090 1999 1278 2031 videbitur
1290 2008 1374 2031 cum
1388 1998 1502 2031 simili
1519 1999 1583 2031 aut
1599 1998 1760 2032 limitata
1775 1998 1955 2032 facultate

323 2055 548 2094 assumendi,
579 2054 849 2097 subdelegandi
878 2055 916 2087 et
943 2054 1159 2096 deputandi,
1189 2054 1366 2095 ipsosque
1395 2054 1568 2095 quotiens
1591 2053 1698 2086 vobis
1726 2055 1954 2096 oportunum

323 2110 523 2149 videbitur,
564 2110 766 2143 revocandi
802 2119 843 2142 ac
879 2109 961 2142 loco
1000 2110 1167 2151 ipsorum
1203 2108 1296 2141 alios
1334 2109 1509 2142 similiter
1543 2109 1712 2152 ydoneos
1750 2109 1956 2150 deputandi

322 2164 473 2206 plenam
497 2166 536 2198 et
552 2164 709 2198 liberam
738 2165 838 2197 dicta
855 2165 1079 2197 auctoritate
1105 2164 1312 2205 apostolica
1331 2165 1462 2196 tenore
1478 2164 1713 2206 presentium
1735 2163 1954 2197 facultatem

323 2220 574 2259 concedimus,
617 2220 854 2253 decernendo
895 2229 1024 2252 omnes
1064 2221 1102 2252 et
1136 2217 1301 2262 singulas
1340 2219 1748 2252 excommunicationes
1789 2219 1827 2252 et
1861 2218 1954 2252 alias

325 2275 548 2314 sentencias,
572 2284 751 2308 censuras
773 2276 809 2307 et
833 2284 949 2316 penas
973 2275 1106 2307 contra
1128 2283 1193 2306 vos
1218 2275 1255 2307 et
1280 2273 1476 2306 occasione
1500 2274 1673 2306 exercitii
1700 2274 1815 2306 officii
1839 2274 1958 2315 inqui-

325 2330 472 2362 sitionis
500 2330 716 2371 hujusmodi
736 2339 804 2372 per
828 2338 1082 2371 quoscumque
1106 2329 1317 2361 ordinarios
1334 2328 1503 2361 locorum
1527 2338 1593 2361 seu
1617 2329 1763 2371 judices
1791 2329 1906 2362 etiam
1934 2338 1957 2362 a

326 2385 425 2417 dicta
449 2385 537 2418 sede
562 2384 754 2427 delegatos
779 2393 848 2426 pro
873 2386 1042 2425 tempore
1060 2383 1154 2416 latas
1179 2393 1223 2416 eo
1249 2384 1330 2425 ipso
1355 2383 1496 2416 nullius
1520 2383 1668 2416 roboris
1692 2383 1752 2417 vel
1775 2383 1957 2417 momenti

325 2440 488 2473 existere
517 2440 554 2473 et
580 2440 633 2472 sic
661 2440 705 2472 ab
735 2440 907 2471 omnibus
931 2439 1079 2472 censeri
1104 2439 1254 2477 debere,
1281 2438 1394 2471 etiam
1417 2438 1456 2470 in
1480 2439 1652 2471 omnibus
1677 2439 1716 2472 et
1737 2448 1806 2480 per
1831 2438 1957 2471 omnia

323 2495 480 2536 perinde
507 2504 549 2527 ac
574 2495 614 2527 si·
634 2494 708 2527 late
728 2504 802 2527 non
819 2494 991 2532 fuissent,
1022 2502 1097 2526 non
1125 2493 1360 2526 obstantibus
1391 2493 1586 2534 premissis
1611 2503 1653 2527 ac
1679 2493 1742 2535 pie
1769 2493 1955 2527 memorie

325 2550 511 2582 Bonifacii
535 2559 630 2592 pape
656 2549 777 2582 octavi
794 2549 907 2582 etiam
931 2549 1210 2590 predecessoris
1235 2548 1355 2580 nostri
1373 2547 1684 2592 [constitutione],
1704 2557 1778 2590 qua
1802 2549 1956 2581 cavetur

326 2614 372 2637 ne
397 2605 480 2645 quis
497 2606 605 2637 extra
622 2614 726 2637 suam
743 2604 932 2637 civitatem
957 2605 995 2636 et
1019 2603 1210 2642 diocesim,
1231 2603 1303 2635 nisi
1320 2603 1359 2635 in
1376 2603 1489 2636 certis
1510 2604 1678 2645 exceptis
1694 2603 1843 2636 casibus
1861 2604 1899 2636 et
1916 2603 1955 2636 in

325 2659 400 2691 illis
418 2659 518 2692 ultra
533 2669 645 2692 unam
663 2659 801 2692 dietam
818 2668 839 2691 a
855 2659 929 2691 fine
947 2667 1012 2691 sue
1031 2658 1202 2696 diocesis,
1219 2658 1264 2690 ad
1280 2658 1462 2699 Judicium
1477 2659 1654 2691 evocetur
1667 2667 1733 2691 seu
1747 2667 1794 2691 ne
1809 2658 1955 2700 judices

326 2723 346 2746 a
363 2715 450 2747 sede
463 2715 634 2756 predicta
647 2714 815 2755 deputati
832 2714 940 2746 extra
954 2713 1144 2745 civitatem
1158 2714 1195 2745 et
1209 2713 1400 2751 diocesim,
1415 2713 1454 2744 in
1468 2713 1602 2753 quibus
1617 2713 1785 2754 deputati
1797 2713 1951 2752 fuerint,

324 2770 455 2801 contra
479 2778 732 2810 quoscumque
756 2768 962 2810 procedere
980 2769 1043 2800 aut
1060 2767 1133 2800 alio
1151 2767 1209 2800 vel
1228 2767 1312 2800 aliis
1339 2767 1440 2800 vices
1465 2776 1551 2800 suas
1574 2767 1810 2801 committere
1826 2776 1955 2810 presu-

324 2825 437 2862 mant,
458 2825 495 2856 et
517 2824 561 2856 de
580 2824 722 2856 duabus
748 2824 858 2855 dietis
882 2823 920 2855 in
938 2822 1096 2855 consilio
1125 2821 1295 2864 generali
1323 2822 1424 2854 edita
1447 2831 1489 2855 ac
1519 2822 1604 2855 aliis
1621 2822 1954 2855 constitutionibus

325 2879 361 2910 et
394 2879 691 2911 ordinationibus
724 2877 940 2920 apostolicis
975 2878 1175 2910 contrariis
1207 2877 1514 2918 quibuscumque,
1548 2878 1661 2918 prout
1696 2878 1728 2910 si
1759 2877 1951 2916 hereticis,

324 2932 604 2972 adherentibus,
629 2933 852 2972 fautoribus,
882 2932 1193 2974 receptatoribus,
1230 2932 1491 2965 defensoribus
1524 2933 1561 2966 et
1593 2931 1676 2965 aliis
1706 2932 1864 2975 prefatis
1893 2930 1952 2966 vel
