2096 3481
802 257 939 290 ANNO
967 257 1050 289 1522
1704 256 1747 288 97

103 367 215 399 fidem
243 365 494 407 applicantur.
527 365 687 397 Luterus
716 373 800 396 cum
833 374 901 396 sua
933 364 1106 398 doctrina
1135 375 1209 398 non
1237 367 1295 399 est
1323 364 1493 407 legitime
1521 374 1589 407 per
1617 366 1745 398 sedem

103 421 349 463 apostolicam
377 421 661 453 condemnatus.
693 419 806 451 Liber
835 419 1035 451 arbitrium
1061 423 1212 453 actuum
1238 429 1393 453 suorum
1422 421 1645 453 interiorum
1674 430 1747 453 non

104 478 162 510 est
188 485 302 509 causa
333 476 517 511 effectiva,
545 475 610 508 sed
639 475 821 506 duntaxat
845 474 1038 515 receptiva
1066 477 1103 508 et
1129 477 1169 509 ut
1194 476 1378 508 duntaxat
1401 484 1441 507 se
1467 475 1604 509 habeat
1635 476 1681 508 ad
1706 485 1751 509 ea

103 532 263 574 passive.
285 531 404 564 Omne
423 540 517 571 opus
535 529 646 562 liberi
664 530 812 569 arbitrij
834 531 1167 571 quantumcunque
1185 532 1326 563 bonum
1344 532 1540 572 peccatum
1559 532 1615 563 cst
1633 540 1750 572 egens

106 587 175 619 Dei
198 586 462 618 misericordia
488 586 708 627 ignoscente
734 586 771 616 et
796 585 1026 617 remittente.
1049 585 1235 627 Quicquid
1262 587 1342 627 agit
1369 585 1480 617 homo
1507 589 1593 617 ante
1618 587 1750 618 iustifi-

105 643 252 674 cantcm
284 641 458 683 gratiam.
493 640 707 681 peccatumg
741 640 854 671 unica
885 640 1045 672 resectio
1080 643 1117 672 et
1145 651 1167 673 a
1194 642 1309 674 certis
1337 641 1492 682 cibarijs
1522 641 1751 673 abstinentia

106 698 276 737 tempore
293 697 423 736 ieiunij
442 694 758 728 irrationabiliter
776 695 1040 735 precipiuntur
1057 698 1095 727 ct
1112 698 1245 729 contra
1263 696 1511 738 Scripturam.
1546 696 1751 728 Christiani

107 753 194 784 sunt
221 751 332 783 liberi
362 751 406 783 ab
438 750 655 783 huiusmodi
684 749 913 782 ieiuniorum
957 751 1200 784 observantia
1228 761 1296 784 nec
1325 752 1407 792 ipsa
1434 751 1525 783 facit
1554 752 1598 783 ad
1629 752 1754 783 obscr-

106 806 271 839 vantiam
288 806 384 847 legis
400 806 480 838 Dei.
498 805 662 838 Dubium
681 806 738 837 est
755 814 801 837 an
820 804 932 837 hoino
949 815 988 838 se
1003 807 1088 838 voto
1104 807 1276 849 obligare
1294 806 1415 848 possit
1433 807 1478 838 ad
1495 807 1753 848 supradictum

107 861 302 894 ieiunium.
333 862 438 902 Papa
460 860 519 893 vel
544 859 707 894 ecclesia
731 870 804 892 non
830 860 910 893 vult
939 870 1007 893 nce
1035 863 1162 903 potest
1186 862 1371 900 subditos,
1403 862 1471 896 sub
1500 862 1755 903 penapeccati

107 916 291 955 mortalis,
325 916 497 959 obligare
522 916 569 948 ad
604 915 704 948 hunc
736 924 901 954 sensum,
943 917 1042 957 quod
1067 916 1180 949 homo
1216 917 1504 959 transgrediens
1537 919 1757 958 preceptum

107 971 271 1004 hominis
287 972 419 1013 peccet
435 970 660 1004 mortaliter.
681 970 905 1012 Superiores
921 980 994 1004 non
1013 973 1192 1005 tenentur
1205 972 1376 1005 subditos
1391 971 1563 1013 obligare
1577 972 1645 1004 sub
1659 981 1758 1013 pena

107 1027 251 1068 peccati
275 1026 458 1060 mortalis.
487 1026 666 1059 Subditus
691 1026 749 1058 sui
773 1027 982 1067 superioris
1010 1028 1231 1068 preceptum
1262 1027 1551 1069 transgrediens
1578 1036 1624 1059 ex
1649 1027 1756 1069 igno-

107 1082 232 1114 rantia
255 1083 391 1124 supina
413 1081 471 1114 vel
497 1081 686 1123 passione,
707 1081 854 1113 secluso
872 1081 1063 1120 scandalo,
1084 1092 1157 1115 non
1175 1084 1318 1124 peccat.
1337 1083 1442 1123 Papa
1459 1083 1504 1115 de
1523 1082 1606 1114 iure
1629 1082 1755 1114 divino

109 1147 182 1170 non
201 1138 258 1170 est
274 1138 386 1179 caput
402 1136 575 1170 ecclesie.
595 1137 733 1169 Petrus
751 1136 831 1168 solo
851 1137 933 1169 iure
948 1136 1112 1170 humano
1130 1138 1253 1170 factus
1268 1139 1325 1169 est
1342 1138 1487 1179 primus
1501 1139 1539 1170 et
1554 1146 1753 1179 supremus

107 1192 207 1225 inter
231 1192 434 1234 apostolos.
462 1192 509 1224 Et
541 1192 641 1224 idem
673 1192 904 1224 censendum
936 1193 994 1225 est
1026 1193 1071 1225 de
1104 1192 1275 1233 quolibet
1307 1193 1413 1225 Petri
1442 1201 1675 1225 successore.
1710 1192 1753 1225 In

111 1248 212 1280 omni
238 1248 321 1280 foro
340 1249 415 1279 tam
441 1247 624 1280 exteriori
658 1256 770 1287 quain
789 1247 964 1280 interiori
988 1257 1118 1281 omnes
1137 1248 1305 1290 episcopi
1332 1249 1420 1280 sunt
1437 1247 1604 1288 equales.
1633 1248 1760 1280 Conci-

109 1302 201 1335 lium
218 1303 290 1335 rite
308 1303 582 1345 congregatum
599 1302 747 1343 precise
761 1303 885 1334 tamen
901 1302 1076 1335 decidere
1094 1304 1220 1344 potest
1237 1305 1417 1344 quantum
1434 1303 1547 1335 Sacra
1565 1302 1760 1344 Scriptura

108 1367 287 1399 expresse
304 1358 484 1390 continet.
513 1358 839 1399 Concupiscentia,
860 1367 932 1398 que
950 1358 988 1390 in
1006 1358 1194 1399 baptizato
1218 1358 1462 1399 relinquitur,
1483 1360 1541 1390 est
1558 1361 1755 1399 peccatum

109 1413 263 1454 proprie
278 1414 419 1445 dictum
437 1414 569 1445 contra
586 1413 657 1445 hoc
674 1422 680 1444 :
702 1413 787 1446 Non
803 1414 1044 1457 concupisces.
1067 1414 1161 1446 Caro
1181 1413 1247 1446 tali
1277 1414 1588 1455 concupiscentia
1619 1414 1761 1445 infecta

111 1468 157 1500 ad
171 1478 281 1501 omne
297 1478 390 1510 opus
405 1468 516 1500 liberi
531 1468 677 1509 arbitrij
698 1468 902 1506 concurrit,
915 1469 1013 1501 unde
1028 1468 1224 1509 quodlibet
1239 1469 1550 1510 opushumanum
1565 1470 1760 1509 peccatum

110 1523 284 1556 efficitur.
296 1523 399 1556 Idem
414 1524 643 1556 censendum
658 1525 716 1556 est
732 1523 777 1555 de
791 1524 975 1565 martyrio
984 1524 1091 1557 Petri
1105 1526 1143 1557 et
1157 1524 1317 1556 aliorum
1333 1525 1548 1556 sanctorum
1568 1524 1758 1565 operibus.

115 1578 253 1612 Omnes
271 1578 358 1611 laici
383 1581 471 1611 sunt
502 1579 731 1611 sacerdotes,
751 1578 823 1616 Qui
855 1580 984 1611 manet
1014 1580 1053 1611 in
1079 1581 1233 1620 peccato
1263 1579 1428 1617 mortali,
1457 1588 1530 1611 non
1563 1580 1691 1611 manet
1722 1579 1760 1610 in

111 1634 311 1676 baptismo,
331 1635 556 1672 sacerdotio,
576 1634 795 1675 episcopatu
814 1634 871 1667 vel
900 1634 1310 1676 papatuDisplicentia
1328 1635 1373 1667 de
1390 1635 1557 1676 peccatis
1585 1634 1759 1666 admissis

113 1698 187 1722 non
212 1691 269 1722 est
291 1690 351 1722 via
379 1690 424 1722 ad
449 1690 611 1732 gratiam
627 1689 910 1731 justificantem,
941 1690 1006 1722 sed
1036 1699 1055 1722 e
1081 1692 1215 1722 eontra
1246 1690 1371 1732 gratia
1396 1691 1453 1722 est
1481 1690 1542 1721 via
1567 1689 1612 1721 ad
1638 1689 1758 1731 ipsam

113 1744 404 1786 displicentiam.
432 1744 550 1777 Dolor
564 1745 609 1777 de
627 1754 701 1776 uno
719 1746 873 1786 peccato
893 1745 974 1777 sine
993 1745 1126 1778 dolore
1145 1745 1313 1777 omnium
1332 1745 1390 1777 est
1406 1745 1615 1786 peccatum.

157 1814 172 1827 u
201 1799 339 1833 Omnes
367 1800 486 1843 igitur
503 1801 541 1833 et
568 1799 740 1843 singulos
773 1809 890 1841 supra
918 1801 1039 1832 dictos
1065 1800 1246 1833 articulos
1280 1800 1447 1842 reprobo
1481 1801 1519 1832 et
1551 1809 1688 1832 revoco
1722 1801 1762 1832 et

113 1855 344 1896 condemno;
361 1864 522 1896 quorum
537 1856 689 1896 quidem
703 1855 951 1888 articulorum
964 1855 1082 1897 aliqui
1096 1857 1183 1889 sunt
1198 1856 1347 1888 notorie
1362 1855 1523 1888 heretici
1537 1856 1575 1888 et
1589 1864 1610 1887 a
1623 1855 1762 1887 sanctis

116 1911 288 1952 patribus
316 1911 523 1952 reprobati,
544 1911 696 1952 quidam
713 1919 802 1943 vero
821 1910 1047 1949 scandalosi,
1064 1911 1127 1953 alij
1147 1920 1238 1944 vero
1256 1911 1405 1953 piarum
1424 1911 1572 1943 aurium
1591 1910 1763 1942 offensivi

114 1966 152 1997 et
168 1964 397 2006 simplicium
417 1965 600 1997 mentium
623 1965 820 2003 seduetivi,
840 1966 879 1998 et
896 1974 1026 1998 omnes
1050 1974 1140 1998 vere
1165 1966 1303 1998 unitati
1331 1964 1518 1998 catholice
1544 1964 1761 2004 obviantes3

113 2020 297 2061 profiteor
313 2021 440 2052 autem
457 2019 526 2052 hec
541 2020 668 2052 omnia
680 2029 775 2061 pure
793 2021 831 2052 et
847 2020 929 2053 sine
954 2021 1173 2053 conditione
1198 2030 1244 2053 ex
1259 2020 1384 2053 animo
1403 2029 1576 2062 syncero,
1596 2019 1708 2061 plene
1726 2020 1764 2051 et

114 2075 159 2108 de
176 2075 335 2108 veritate
352 2075 573 2113 instructus,
595 2076 633 2108 et
650 2075 733 2107 iuro
747 2084 817 2116 per
834 2077 1004 2108 sanctam
1022 2075 1264 2109 Trinitatem.
1287 2091 1302 2104 n

158 2129 229 2163 Hic
248 2130 413 2163 Jacobus
430 2132 563 2172 postea
593 2130 766 2173 relapsus
791 2131 876 2169 fuit,
902 2132 1042 2164 fratres
1060 2140 1210 2172 quoque
1235 2131 1339 2164 illius
1367 2132 1576 2164 conventus
1602 2128 1761 2162 vinculis

115 2187 153 2218 et
183 2186 363 2228 custodijs
406 2187 494 2218 sunt
520 2186 738 2227 mancipati.
784 2186 1000 2219 Conventus
1029 2195 1178 2227 quoque
1215 2195 1347 2219 eorum
1380 2185 1685 2227 Antwerpiensis
1715 2193 1761 2215 cx

116 2241 292 2273 mandato
316 2241 473 2273 Adriani
491 2242 589 2274 sexti
614 2241 785 2273 funditus
813 2242 871 2273 est
890 2241 1051 2274 deletus.

468 2301 686 2335 Bernardus
711 2301 1013 2344 Lutzenburgus,
1047 2300 1246 2346 Cataloyus
1274 2301 1532 2339 hereticorum,
1552 2305 1630 2339 etc„
1651 2299 1766 2333 Here-

510 2357 575 2389 tici
601 2357 645 2389 de
670 2356 784 2389 litera
809 2356 844 2389 J.
871 2375 915 2380 —
943 2357 1077 2390 Sehier
1101 2358 1231 2390 woord
1264 2367 1357 2390 voor
1382 2358 1511 2390 woord
1542 2357 1647 2388 komt
1676 2356 1764 2387 dcze

512 2412 691 2445 verkorte
708 2421 814 2443 vorm
840 2412 907 2444 der
924 2412 1122 2446 Revocatio
1147 2422 1240 2445 voor
1265 2413 1302 2445 in
1329 2423 1399 2445 een
1429 2411 1667 2445 handscliritt
1694 2420 1764 2442 van

516 2468 561 2500 de
579 2467 679 2500 hand
704 2476 774 2499 van
793 2468 864 2500 den
893 2468 1195 2509 Antwerpschen
1225 2468 1390 2510 sehepen
1419 2468 1454 2501 J.
1476 2468 1518 2500 B.
1549 2466 1765 2499 Vcrdussen

509 2522 796 2565 (Isdeeeuw)‚op
816 2523 861 2555 de
880 2523 1224 2556 stadsbibliotheek
1238 2533 1308 2556 van
1327 2524 1558 2564 Antwerpen
1576 2520 1763 2557 bewaard,

515 2579 593 2610 met
609 2578 654 2610 de
668 2577 908 2620 vermelding
928 2588 935 2609 :
957 2592 971 2604 ιι
990 2578 1068 2610 Hec
1088 2577 1255 2611 fideliter
1273 2580 1445 2612 extracta
1477 2579 1565 2609 sunt
1589 2586 1633 2608 cx
1667 2575 1764 2608 libro

514 2634 662 2666 vetusto
682 2632 758 2666 MS.
785 2634 994 2666 conventus
1012 2633 1297 2666 carmelitarum
1318 2632 1535 2666 Mechlinie.
1558 2647 1572 2660 n

896 2736 981 2783 6¹7.

192 2840 332 2888 1522,
379 2835 621 2880 Februari
669 2840 712 2887 9,
759 2835 969 2878 Brussel.
1015 2832 1361 2890 Aanteekening
1403 2846 1488 2876 van
1532 2831 1764 2875 Prateolus

119 2906 274 2965 (1569)
306 2921 412 2951 over
443 2907 577 2951 Jacob
609 2907 912 2964 Praepositus,
950 2906 1065 2964 zijne
1099 2906 1371 2962 herroeping
1405 2919 1460 2948 en
1499 2905 1551 2948 de
1582 2903 1766 2948 verdere

121 2979 388 3035 lotgevallen
412 2993 497 3023 van
531 2979 618 3036 zijn
642 2979 943 3035 Antwerpsch
977 2979 1190 3022 klooster.

1646 3057 1667 3066 η

1654 3068 1662 3089 1
