2096 3481
832 202 967 236 ANNO
994 201 1078 236 1525
1703 211 1765 243 411

135 314 253 357 leges,
287 322 382 355 quae
413 322 500 346 mox
533 314 689 347 daturus
721 324 816 352 sum,
850 315 992 349 dixeris
1032 316 1132 350 haud
1165 318 1277 352 dubie
1313 328 1396 352 cum
1429 318 1635 361 Propheta,
1669 321 1769 361 quod

134 377 283 402 murum
300 368 400 402 hunc
415 369 551 402 fecerit
566 369 749 402 Dominus
766 371 936 404 sanctum
959 381 1081 405 suum.
1101 373 1210 406 Nunc
1234 373 1448 417 apologiam
1473 383 1585 416 quam
1609 374 1770 418 polliciti

134 433 262 457 sumus
279 433 420 466 acc1pe.

177 511 304 546 Altera
320 511 430 546 huius
447 511 562 546 libelli
576 512 686 546 sectio
705 512 952 556 defensionem
977 513 1084 550 habet
1104 526 1174 559 pro
1199 527 1313 551 causa
1336 517 1496 551 Ioannis
1520 528 1544 552 a
1568 517 1763 557 Woerden,

134 577 208 611 qua
217 566 490 611 pollutissimus
505 566 567 602 ille
582 567 818 603 sacerdotum
834 568 1032 604 coelibatus
1048 573 1153 606 varie
1176 573 1400 616 confutatur,
1422 583 1495 617 per
1520 571 1770 608 Guilhelmum

134 621 354 666 &napheum
366 623 427 665 (1).

308 766 352 800 1η
376 766 520 800 tertiam
543 764 657 811 hujus
681 767 803 811 operis
822 771 973 811 partem
999 767 1176 802 Gulielmi
1201 768 1368 813 Gnaphez'
1389 771 1591 815 praefatio.

177 879 234 913 En
252 879 332 918 tibi,
351 879 508 913 candide
526 879 658 919 lector,
676 889 902 923 congressus
922 881 1007 914 illos
1033 882 1302 923 disputatorios
1327 882 1470 921 damus,
1498 891 1591 923 quos
1610 882 1771 925 insignis

134 935 200 969 ille
231 935 372 969 Christi
399 936 543 977 martyr
569 935 736 969 Joannes
766 936 953 969 I‘istorius
977 946 1061 970 cum
1090 937 1270 978 sophistis
1299 938 1611 976 LovaniensibuS,
1642 938 1706 979 qui
1732 947 1772 971 se

134 999 203 1033 pro
232 990 447 1024 haereticae
474 991 671 1032 pravitatis
703 991 992 1032 inquisitoribus
1026 992 1280 1030 venditarunt,
1315 993 1506 1031 sustinuit,
1542 1002 1615 1026 non
1647 993 1772 1025 minor

136 1046 260 1080 animo
289 1047 327 1079 et
354 1046 493 1078 fiducia
521 1055 633 1087 quam
662 1047 876 1080 eruditione
905 1049 943 1080 et
969 1048 1133 1089 pietate3
1164 1048 1263 1080 unde
1293 1048 1414 1089 quivis
1441 1048 1554 1081 facile
1582 1048 1772 1085 didicerit,

136 1110 245 1143 quam
265 1101 378 1134 nullis
403 1102 602 1143 scripturis
626 1102 763 1134 fultum
789 1102 931 1135 nitatur
955 1103 1181 1136 Antiehristi
1206 1112 1382 1146 regnum,
1409 1113 1595 1144 quamque
1612 1113 1680 1145 pro
1699 1104 1775 1136 aris

136 1157 253 1190 veluti
269 1166 312 1189 ac
328 1156 422 1189 focis
449 1156 630 1190 dimicent
653 1157 742 1190 boni
768 1157 949 1200 theologi,
970 1159 1010 1190 ut
1027 1167 1187 1201 regnum
1213 1158 1284 1191 hoc
1310 1168 1418 1191 suum
1437 1160 1626 1191 tueantur.
1646 1158 1719 1192 Sed
1736 1159 1778 1190 ut

137 1212 240 1245 lutea
270 1211 449 1254 panoplia
480 1213 615 1245 armati
646 1213 789 1251 miseri,
824 1212 1020 1246 infoelices
1053 1215 1092 1246 et
1123 1213 1296 1246 imbelles
1327 1213 1561 1256 palestritae,
1596 1223 1670 1246 non
1704 1213 1777 1246 nisi

135 1269 289 1301 iunceas
306 1267 432 1300 hastas
451 1267 488 1301 et
500 1267 696 1309 plumbeos
714 1267 829 1311 (quod
843 1269 960 1310 aiunt)
975 1268 1122 1310 gladios
1139 1269 1310 1302 veritatis
1328 1269 1554 1302 umbonibus
1571 1269 1775 1306 obiectant,

138 1324 192 1356 ita
214 1332 289 1355 non
312 1324 470 1364 possunt
495 1333 568 1355 non
587 1323 804 1364 turpissime
829 1332 912 1357 sese
931 1324 1034 1363 dare,
1063 1325 1101 1357 et
1125 1323 1344 1367 theologica
1368 1324 1512 1357 harena
1528 1334 1613 1357 cum
1637 1333 1775 1366 magno

138 1378 278 1421 probro
304 1378 501 1412 excedere.
533 1378 731 1411 Excedunt
755 1380 881 1412 autem
906 1380 944 1412 et
967 1388 1081 1412 causa
1104 1380 1254 1418 cadunt,
1283 1380 1370 1412 dum
1399 1381 1561 1413 victores
1587 1380 1625 1413 et
1650 1380 1779 1412 trium-

137 1433 316 1476 phatores
334 1443 408 1466 non
426 1434 640 1467 instrennui
657 1433 777 1467 videri
794 1434 937 1473 volunt,
963 1434 1035 1467 hoc
1060 1436 1129 1473 est,
1150 1436 1238 1468 dum
1257 1435 1302 1467 ad
1322 1436 1481 1467 externa
1498 1444 1566 1467 sua
1589 1435 1780 1476 praesidia

138 1490 177 1523 et
200 1498 305 1522 arma
327 1490 603 1532 confugientes,
634 1489 801 1532 gladium
831 1491 870 1522 et
896 1491 1006 1532 ignes
1035 1490 1176 1523 Christi
1202 1490 1437 1532 martyribus
1463 1491 1608 1523 inferre
1632 1492 1779 1532 parant.

139 1545 238 1578 Hine
266 1544 359 1578 adeo
386 1545 548 1577 testatur
574 1544 753 1578 Aurelius
780 1545 1017 1587 Augustinus
1046 1547 1233 1588 martyres
1265 1546 1370 1587 ipsos
1403 1555 1477 1578 non
1509 1546 1682 1583 vivendo,
1716 1547 1781 1578 sed

142 1600 339 1633 moriendo
356 1600 519 1633 victores
538 1609 627 1633 suae
644 1610 778 1634 causae
797 1601 969 1638 evadere,
989 1611 1063 1634 non
1080 1602 1226 1643 peccati
1245 1602 1389 1633 tantum
1407 1602 1445 1634 et
1461 1601 1778 1639 adversariorum,

139 1656 207 1689 sed
222 1655 404 1698 principis
422 1665 570 1697 quoque
596 1656 851 1694 tenebrarum,
871 1657 936 1697 qui
953 1657 1033 1699 agit
1050 1657 1088 1689 in
1106 1656 1204 1689 filios
1230 1655 1457 1694 incredulos,
1477 1657 1515 1689 et
1530 1656 1569 1689 in
1587 1655 1779 1698 triumpho

139 1712 184 1744 ab
209 1711 254 1752 ijs
281 1710 443 1749 ducitur,
471 1711 535 1752 qui
558 1720 627 1753 pro
653 1711 805 1744 nomine
829 1711 922 1744 Jesu
947 1714 1119 1745 extrema
1143 1712 1271 1745 subire
1301 1721 1376 1744 non
1406 1712 1630 1745 detrectent.
1658 1711 1718 1745 Sic
1743 1713 1782 1745 et

138 1766 287 1799 Christo
320 1766 435 1808 capiti
468 1767 597 1799 nostro
631 1776 705 1799 non
738 1767 811 1799 nisi
843 1775 865 1799 a
895 1769 1019 1800 morte
1051 1768 1212 1800 victoria
1243 1767 1365 1800 stetit.
1399 1767 1520 1799 Porro
1555 1768 1681 1800 autem
1712 1767 1781 1799 hos

139 1830 366 1864 congressus
399 1830 444 1854 ea
476 1821 549 1854 fide
579 1822 647 1854 tibi
678 1821 860 1864 legendos
894 1822 1026 1860 offero,
1061 1831 1135 1864 qua
1161 1822 1328 1864 primum
1362 1831 1384 1855 a
1415 1823 1592 1855 dictantis
1621 1831 1687 1855 ore
1716 1831 1780 1855 eos

138 1877 271 1918 excepi
298 1877 336 1909 in
365 1886 532 1916 carcere,
562 1877 626 1909 ubi
658 1886 733 1910 una
761 1879 840 1910 tum
873 1878 1043 1920 agebam,
1075 1877 1212 1911 deinde
1245 1879 1283 1910 et
1315 1876 1496 1919 expolivi.
1528 1877 1576 1910 Et
1605 1877 1781 1918 quoniam

139 1932 290 1974 saepius
308 1933 505 1975 congressi
530 1934 618 1965 sunt
641 1941 725 1965 cum
744 1932 815 1964 hoc
832 1935 1001 1975 martyre
1027 1932 1295 1976 theologistae,
1313 1932 1509 1973 multaque
1528 1933 1782 1975 nugacissime

137 1988 412 2029 repetiverunt,
439 1988 559 2020 visum
584 1988 657 2020 fuit
681 1997 864 2020 summam
883 1989 1051 2020 omnium
1076 1997 1171 2029 quae
1198 1988 1250 2020 ibi
1275 1990 1354 2020 tum
1381 1988 1505 2021 dictae
1531 1989 1629 2028 sunt,
1648 1988 1686 2020 in
1705 1989 1782 2020 tres

139 2042 416 2085 disputationes
432 2043 509 2076 sive
528 2042 718 2084 colloquia
736 2043 924 2085 digerere,
945 2053 991 2076 ne
1016 2043 1169 2087 legendi
1189 2043 1314 2076 taedio
1333 2052 1550 2084 quenquam
1567 2052 1779 2076 onerarem.

139 2098 278 2131 Videre
296 2099 422 2131 autem
439 2097 529 2131 licet
546 2099 583 2130 in
602 2098 661 2130 his
678 2097 875 2139 colloquis,
895 2107 964 2131 ceu
990 2099 1027 2131 in
1053 2098 1206 2140 speculo
1226 2099 1401 2140 quodam,
1429 2107 1539 2140 quam
1565 2098 1623 2130 sui
1641 2097 1781 2131 similes

140 2153 216 2186 sint
232 2154 363 2186 miseri
381 2152 585 2195 sophistae,
605 2163 792 2195 quamque
816 2153 1048 2187 infoeliciter
1073 2154 1265 2187 dimicent.
1294 2154 1389 2186 Nam
1415 2163 1508 2194 quos
1535 2162 1616 2186 sese
1641 2153 1783 2186 iactant

139 2208 385 2249 inquisitores
424 2208 653 2246 haeresium,
692 2209 866 2242 doctores
898 2209 1174 2251 insipientium,
1211 2209 1325 2242 duces
1359 2217 1544 2247 errorum,
1578 2208 1782 2251 magistros

140 2264 325 2301 veritatis,
355 2264 395 2296 id
423 2273 497 2297 non
527 2265 615 2297 sunt
644 2274 651 2296 :
682 2263 777 2296 nulli
807 2264 907 2296 enim
940 2265 1064 2297 minus
1097 2273 1207 2305 quam
1238 2264 1301 2296 isti
1331 2264 1504 2296 indoctos
1537 2263 1718 2296 erudiunt
1745 2266 1784 2296 et

142 2319 290 2352 nescios
305 2319 405 2352 viam
422 2320 593 2352 veritatis
612 2320 767 2361 docent3
786 2319 822 2351 id
840 2319 939 2360 quod
957 2319 1015 2351 his
1034 2319 1353 2360 disputationibus
1371 2328 1416 2352 ex
1436 2319 1605 2360 ipsorum
1620 2319 1780 2357 actione,

142 2383 217 2407 non
243 2375 373 2407 nostro
396 2375 590 2407 stomacho
612 2376 675 2407 aut
693 2375 818 2407 animo
837 2375 987 2416 scriptis
1004 2374 1129 2416 palam
1146 2374 1277 2407 licebit
1294 2375 1435 2407 videre.
1456 2374 1640 2407 observet
1657 2376 1783 2407 autem

141 2429 334 2462 studiosus
358 2429 491 2467 lector,
518 2430 607 2471 quid
633 2430 792 2471 quisque
817 2430 928 2462 dicat.
957 2438 1003 2462 ne
1028 2438 1102 2470 qua
1126 2430 1203 2463 fiat.
1231 2430 1272 2461 ut
1296 2429 1326 2461 si
1351 2437 1486 2470 parum
1513 2430 1656 2462 attente
1681 2428 1785 2471 legat

142 2485 181 2517 et
198 2484 386 2523 observet,
413 2485 517 2526 quid,
544 2485 617 2522 cui,
646 2494 668 2517 a
692 2494 765 2526 quo
791 2485 1081 2526 respondeatur,
1108 2484 1293 2516 minorem
1323 2486 1486 2516 fructum
1516 2486 1553 2516 et
1578 2483 1783 2516 utilitatem

142 2548 189 2573 ex
221 2539 358 2572 horum
391 2549 666 2583 congressuum
699 2540 861 2573 lectione
895 2540 1067 2580 accipiat.
1103 2539 1243 2572 Habita
1275 2540 1332 2571 est
1365 2540 1489 2571 autem
1531 2538 1623 2571 haec
1661 2539 1784 2580 prima

143 2594 355 2635 inquisitio,
389 2605 501 2636 quam
533 2596 659 2629 tamen
688 2595 784 2628 aliae
817 2594 1000 2636 quaedam
1033 2594 1157 2627 minus
1188 2594 1313 2627 clarae
1345 2596 1650 2636 praecesserunt,
1684 2603 1781 2627 anno

144 2649 366 2690 M.D.XXV‚
384 2651 508 2692 pridie
526 2651 610 2684 idus
625 2650 763 2685 Julias.

189 2849 236 2892 (1)
262 2850 356 2884 Hier
382 2851 488 2895 volgt
518 2860 612 2886 eene
642 2850 918 2894 verlia11dcling
949 2860 1020 2884 van
1051 2850 1252 2893 Gnapheus
1284 2859 1374 2884 over
1406 2850 1472 2884 het
1499 2851 1686 2886 coelibaat
1717 2852 1784 2886 der

145 2905 339 2946 priesters.
