2096 3481
863 203 1000 236 ANNO
1029 203 1111 238 1522
1769 207 1810 239 ‘Jl

811 349 942 382 Nonus
968 349 1162 382 articulus.

207 419 387 453 Liberum
419 420 620 453 arbitrium
652 421 837 453 bonorum
878 421 1028 453 actuum
1054 431 1208 454 suorum
1244 422 1470 455 interiorum
1504 432 1577 455 non
1611 423 1668 455 est
1698 431 1812 454 causa

161 475 345 513 effectiva,
366 475 431 508 sed
450 475 646 508 dumtaxat
663 476 867 517 receptiva,
888 475 942 508 ita
959 478 999 508 ut
1017 476 1139 509 solum
1157 486 1196 509 se
1215 477 1353 510 habeat
1371 477 1415 509 ad
1435 486 1499 509 eos
1517 477 1676 518 passive.

789 554 966 586 Decimus
991 554 1187 587 articulus,

207 619 326 653 Omne
355 629 448 661 opus
477 619 588 652 liberi
618 620 780 661 arbitrij,
812 622 1157 662 quantumcumque
1186 622 1338 656 bonum.
1370 624 1564 663 peccatum
1594 622 1662 655 est.
1693 631 1810 663 egens

163 675 231 708 Dei
250 675 512 708 misericordia
531 676 751 717 ignoscente
770 678 808 709 et
824 676 1056 708 remittente.

762 753 992 787 Undecimus
1019 754 1201 787 articulus

205 819 392 861 Quicquid
410 819 490 863 agit
508 819 620 852 homo
639 821 725 853 ante
742 820 1014 861 justificantem
1033 822 1210 864 gratiam.
1231 821 1428 864 peccatum
1448 823 1517 854 ost.

743 898 937 932 Articulus
963 900 1220 933 duodecimus.

205 965 326 1000 Unica
357 965 516 999 refectio
557 967 595 999 et
634 976 656 998 a
694 967 808 999 certis
841 967 996 999 cibariis
1028 967 1259 1000 abstinentia
1291 967 1607 1000 irrationabiliter
1640 968 1808 1009 tempore

158 1021 296 1064 jejunii
313 1021 578 1064 precipiuntur
596 1022 633 1054 et
651 1023 784 1054 contra
801 1022 1036 1064 Scripturam
1055 1022 1220 1055 Sacram.

700 1100 895 1133 Articulus
921 1101 1061 1134 tercius
1087 1100 1268 1133 decimus.

205 1166 411 1200 Christiani
429 1167 517 1200 sunt
534 1166 645 1200 liberi
664 1167 708 1200 ab
727 1167 945 1209 hujusmodi
961 1167 1195 1209 jejuniorum
1214 1168 1472 1200 observant-ia.

689 1245 883 1278 Articulus
909 1247 1066 1287 quartus
1092 1246 1272 1279 decimus.

204 1314 282 1347 Nec
300 1313 383 1355 ipsa
397 1313 489 1346 facit
507 1313 553 1345 ad
572 1312 857 1346 observanciam
875 1311 973 1355 legis
991 1312 1074 1345 Dei.

646 1390 842 1424 Articulus
868 1391 1022 1432 quintus
1048 1391 1228 1424 decimus.

204 1459 369 1493 Dubium
385 1458 444 1492 est
460 1467 507 1491 au
525 1457 637 1490 homo
656 1468 696 1491 se
714 1459 800 1490 voto
819 1457 992 1501 obligare
1010 1458 1128 1500 possit
1147 1458 1193 1490 ad
1211 1458 1470 1500 supradictum
1487 1457 1687 1500 jejunium.

710 1535 904 1569 Articulus
927 1538 1057 1569 sextus
1083 1536 1264 1569 decimus.

203 1605 308 1646 Papa
319 1603 379 1637 vel
393 1602 555 1637 ecclesia
573 1613 648 1636 non
662 1602 742 1636 vult
757 1613 824 1636 nee
838 1604 965 1645 potest
979 1603 1150 1636 subditos
1165 1612 1252 1635 suos
1270 1603 1338 1635 sub
1356 1612 1455 1644 pena
1468 1602 1613 1644 peceati
1639 1601 1810 1634 mortalis

159 1646 331 1703 ob'ligare
360 1659 406 1692 ad
434 1659 534 1692 hunc
563 1668 715 1692 sensum
744 1660 844 1700 quod
873 1659 986 1692 homo
1011 1659 1328 1702 transgrediendo
1353 1659 1576 1700 preceptum
1601 1657 1809 1699 superioris

159 1716 323 1749 hominis
342 1725 415 1748 non
434 1716 566 1757 peccat
582 1715 809 1748 mortaliter.

680 1792 875 1826 Articulus
901 1794 1068 1827 decimus
1094 1794 1290 1836 septimus.

203 1862 428 1905 Superiores
451 1862 630 1895 tenentur
654 1870 727 1893 non
754 1860 851 1894 velle
876 1861 1047 1894 subditos
1066 1860 1239 1904 obligare
1257 1861 1324 1893 sub
1343 1870 1441 1902 pena
1457 1859 1603 1902 peccati
1621 1858 1805 1892 mortalis.

695 1938 890 1973 Articulus
916 1939 1084 1972 decimus
1110 1939 1276 1971 octavus.

203 2008 382 2042 Subditus
413 2007 472 2040 sui
503 2006 712 2049 superioris
743 2006 965 2048 preceptum
990 2006 1276 2049 transgrediens
1301 2015 1347 2038 ex
1373 2004 1598 2048 ignorancia
1629 2012 1808 2045 suprema

160 2063 219 2097 vel
236 2064 426 2106 passione,
446 2062 594 2096 secluso
613 2061 803 2101 scandalo,
823 2071 899 2095 non
916 2063 1059 2104 peccat.

711 2139 906 2174 Articulus
931 2139 1099 2174 decimus
1123 2149 1258 2173 nonus.

204 2207 436 2251 Capittulum
465 2207 594 2242 Omnis
622 2208 817 2252 utriusque
842 2215 954 2241 sexus
980 2206 1297 2240 irrationabiliter
1321 2206 1486 2249 precipit
1498 2204 1614 2239 semel
1644 2204 1683 2237 in
1712 2213 1809 2237 anno

162 2264 433 2298 confitendum.

810 2319 1004 2353 Articulus
1028 2319 1243 2352 vicesimus,

202 2387 307 2429 Papa
323 2396 399 2420 non
417 2388 475 2421 est
491 2387 537 2421 de
552 2387 639 2430 ¹iure
657 2387 784 2420 divino
803 2388 917 2430 caput
934 2386 1110 2420 ecclesie.

681 2465 876 2498 Articulus
900 2465 1102 2499 vicesimus
1126 2465 1284 2506 primus.

204 2532 342 2565 Petrus
371 2531 452 2565 solo
480 2533 566 2574 J'ure
593 2532 758 2566 humano
776 2534 898 2566 factus
927 2534 984 2566 est
1007 2533 1153 2574 primus
1177 2531 1235 2565 vel
1251 2540 1449 2574 supremus
1478 2530 1578 2562 inter
1602 2528 1806 2571 apostolos.

160 2590 198 2621 et
214 2588 314 2621 idem
333 2588 564 2621 censendum
582 2590 640 2621 est
657 2589 702 2622 de
720 2588 893 2630 quolibet
910 2589 1016 2622 Petri
1035 2596 1267 2621 successore.

660 2667 855 2700 Articulus
880 2667 1082 2699 vicesimus
1108 2666 1307 2700 secundus.

205 2732 246 2765 In
266 2733 368 2765 omni
386 2733 470 2766 foro
488 2734 565 2766 tam
582 2733 758 2767 interiori
777 2744 888 2775 quam
906 2733 1089 2767 exteriori
1107 2742 1238 2767 omnes
1256 2732 1426 2774 episcopi
1443 2734 1531 2764 sunt
1548 2730 1714 2772 equales.

691 2799 885 2833 Articulus
911 2800 1113 2833 vicesimus
1139 2800 1286 2833 tertius.

205 2865 416 2899 Concilium
456 2866 530 2899 rite
569 2868 845 2910 congregatum
885 2867 1032 2909 precise
1066 2867 1211 2900 tantum
1245 2866 1421 2900 decidere
1460 2866 1587 2909 potest
1625 2867 1807 2908 quantum

163 2920 360 2967 Scriptura
377 2921 492 2957 Sacra
508 2931 688 2968 expresse
705 2922 886 2957 continet.
