<?xml version="1.0" encoding="UTF-8"?>
<!DOCTYPE html PUBLIC "-//W3C//DTD XHTML 1.0 Transitional//EN"
    "http://www.w3.org/TR/xhtml1/DTD/xhtml1-transitional.dtd">
<html xmlns="http://www.w3.org/1999/xhtml" xml:lang="en" lang="en">
 <head>
  <title>
</title>
<meta http-equiv="Content-Type" content="text/html;charset=utf-8" />
  <meta name='ocr-system' content='tesseract 3.04.00' />
  <meta name='ocr-capabilities' content='ocr_page ocr_carea ocr_par ocr_line ocrx_word'/>
</head>
<body>
  <div class='ocr_page' id='page_1' title='image "./corpusdocumentor04fruoft_0236.png"; bbox 0 0 2096 3481; ppageno 0'>
   <div class='ocr_carea' id='block_1_1' title="bbox 337 285 1278 322">
    <p class='ocr_par' dir='ltr' id='par_1_1' title="bbox 337 285 1278 322">
     <span class='ocr_line' id='line_1_1' title="bbox 337 285 1278 322; baseline -0.001 -1"><span class='ocrx_word' id='word_1_1' title='bbox 337 286 399 322; x_wconf 76' lang='lat'>190</span> <span class='ocrx_word' id='word_1_2' title='bbox 1031 285 1168 322; x_wconf 87' lang='lat' dir='ltr'>ANNO</span> <span class='ocrx_word' id='word_1_3' title='bbox 1196 287 1278 320; x_wconf 86' lang='grc'>1523</span> 
     </span>
    </p>
   </div>
   <div class='ocr_carea' id='block_1_2' title="bbox 719 393 1956 1098">
    <p class='ocr_par' dir='ltr' id='par_1_2' title="bbox 719 393 1956 1098">
     <span class='ocr_line' id='line_1_2' title="bbox 724 393 1956 439; baseline 0 -9"><span class='ocrx_word' id='word_1_4' title='bbox 724 395 973 431; x_wconf 82' lang='lat' dir='ltr'>memoriaelb.</span> <span class='ocrx_word' id='word_1_5' title='bbox 988 406 1060 431; x_wconf 80' lang='lat' dir='ltr'>van</span> <span class='ocrx_word' id='word_1_6' title='bbox 1073 396 1226 431; x_wconf 78' lang='lat' dir='ltr'>Hollant</span> <span class='ocrx_word' id='word_1_7' title='bbox 1242 406 1312 430; x_wconf 74' lang='lat' dir='ltr'>van</span> <span class='ocrx_word' id='word_1_8' title='bbox 1330 396 1533 439; x_wconf 83' lang='lat' dir='ltr'>Sandelijn,</span> <span class='ocrx_word' id='word_1_9' title='bbox 1558 396 1623 430; x_wconf 84' lang='lat' dir='ltr'>fol.</span> <span class='ocrx_word' id='word_1_10' title='bbox 1643 396 1711 438; x_wconf 89' lang='grc'>16.)</span> <span class='ocrx_word' id='word_1_11' title='bbox 1741 414 1784 420; x_wconf 95' lang='grc'>-</span> <span class='ocrx_word' id='word_1_12' title='bbox 1817 396 1872 439; x_wconf 88' lang='lat' dir='ltr'>Op</span> <span class='ocrx_word' id='word_1_13' title='bbox 1889 393 1956 430; x_wconf 79' lang='lat' dir='ltr'>het</span> 
     </span>
     <span class='ocr_line' id='line_1_3' title="bbox 723 451 1954 496; baseline -0.001 -11"><span class='ocrx_word' id='word_1_14' title='bbox 723 451 981 493; x_wconf 77' lang='lat' dir='ltr'>RiJksarchief</span> <span class='ocrx_word' id='word_1_15' title='bbox 1009 453 1044 485; x_wconf 88' lang='lat' dir='ltr'>te</span> <span class='ocrx_word' id='word_1_16' title='bbox 1062 452 1215 485; x_wconf 89' lang='lat' dir='ltr'>Brussel</span> <span class='ocrx_word' id='word_1_17' title='bbox 1233 451 1390 496; x_wconf 81' lang='lat' dir='ltr'>(Fardes</span> <span class='ocrx_word' id='word_1_18' title='bbox 1406 451 1452 485; x_wconf 82' lang='lat' dir='ltr'>de</span> <span class='ocrx_word' id='word_1_19' title='bbox 1472 451 1608 486; x_wconf 81' lang='lat' dir='ltr'>Vienne</span> <span class='ocrx_word' id='word_1_20' title='bbox 1624 458 1664 484; x_wconf 89' lang='lat' dir='ltr'>n⁰</span> <span class='ocrx_word' id='word_1_21' title='bbox 1681 451 1736 494; x_wconf 83' lang='lat'>47&gt;</span> <span class='ocrx_word' id='word_1_22' title='bbox 1752 451 1857 484; x_wconf 83' lang='lat' dir='ltr'>vindt</span> <span class='ocrx_word' id='word_1_23' title='bbox 1868 460 1954 484; x_wconf 87' lang='lat' dir='ltr'>men</span> 
     </span>
     <span class='ocr_line' id='line_1_4' title="bbox 725 505 1954 549; baseline -0.002 -9"><span class='ocrx_word' id='word_1_24' title='bbox 725 516 818 540; x_wconf 84' lang='lat' dir='ltr'>eene</span> <span class='ocrx_word' id='word_1_25' title='bbox 836 506 1025 540; x_wconf 86' lang='lat' dir='ltr'>Fransche</span> <span class='ocrx_word' id='word_1_26' title='bbox 1048 507 1236 549; x_wconf 86' lang='lat' dir='ltr'>vertaling</span> <span class='ocrx_word' id='word_1_27' title='bbox 1260 507 1326 540; x_wconf 87' lang='lat' dir='ltr'>der</span> <span class='ocrx_word' id='word_1_28' title='bbox 1343 506 1406 539; x_wconf 89' lang='lat' dir='ltr'>bul</span> <span class='ocrx_word' id='word_1_29' title='bbox 1423 508 1500 540; x_wconf 90' lang='lat' dir='ltr'>met</span> <span class='ocrx_word' id='word_1_30' title='bbox 1516 506 1581 539; x_wconf 87' lang='lat' dir='ltr'>het</span> <span class='ocrx_word' id='word_1_31' title='bbox 1598 505 1784 548; x_wconf 78' lang='lat' dir='ltr'>opschrift</span> <span class='ocrx_word' id='word_1_32' title='bbox 1807 515 1854 547; x_wconf 93' lang='lat' dir='ltr'>op</span> <span class='ocrx_word' id='word_1_33' title='bbox 1882 506 1954 539; x_wconf 88' lang='lat' dir='ltr'>den</span> 
     </span>
     <span class='ocr_line' id='line_1_5' title="bbox 722 560 1956 604; baseline 0 -11"><span class='ocrx_word' id='word_1_34' title='bbox 722 571 795 604; x_wconf 90' lang='lat' dir='ltr'>rug</span> <span class='ocrx_word' id='word_1_35' title='bbox 811 571 818 593; x_wconf 90' lang='lat'>:</span> <span class='ocrx_word' id='word_1_36' title='bbox 839 577 854 589; x_wconf 63' lang='grc' dir='ltr'>’ν</span> <span class='ocrx_word' id='word_1_37' title='bbox 871 561 1110 594; x_wconf 86' lang='lat' dir='ltr'>Translation</span> <span class='ocrx_word' id='word_1_38' title='bbox 1130 562 1174 595; x_wconf 89' lang='lat' dir='ltr'>de</span> <span class='ocrx_word' id='word_1_39' title='bbox 1199 561 1234 594; x_wconf 85' lang='lat' dir='ltr'>la</span> <span class='ocrx_word' id='word_1_40' title='bbox 1248 561 1348 594; x_wconf 87' lang='lat' dir='ltr'>hullc</span> <span class='ocrx_word' id='word_1_41' title='bbox 1363 562 1408 594; x_wconf 89' lang='lat' dir='ltr'>de</span> <span class='ocrx_word' id='word_1_42' title='bbox 1426 561 1479 594; x_wconf 75' lang='lat' dir='ltr'>Me</span> <span class='ocrx_word' id='word_1_43' title='bbox 1492 561 1672 603; x_wconf 67' lang='lat' dir='ltr'>Francois</span> <span class='ocrx_word' id='word_1_44' title='bbox 1684 561 1825 594; x_wconf 82' lang='lat' dir='ltr'>vander</span> <span class='ocrx_word' id='word_1_45' title='bbox 1843 560 1956 593; x_wconf 89' lang='lat' dir='ltr'>Hulst</span> 
     </span>
     <span class='ocr_line' id='line_1_6' title="bbox 723 615 1954 656; baseline 0 -8"><span class='ocrx_word' id='word_1_46' title='bbox 723 615 905 649; x_wconf 84' lang='lat' dir='ltr'>touchant</span> <span class='ocrx_word' id='word_1_47' title='bbox 920 615 1094 649; x_wconf 79' lang='lat' dir='ltr'>l&#39;heresie</span> <span class='ocrx_word' id='word_1_48' title='bbox 1112 616 1157 649; x_wconf 91' lang='lat' dir='ltr'>de</span> <span class='ocrx_word' id='word_1_49' title='bbox 1179 616 1334 649; x_wconf 89' lang='lat' dir='ltr'>Luther.</span> <span class='ocrx_word' id='word_1_50' title='bbox 1355 631 1370 645; x_wconf 83' lang='lat'>„</span> <span class='ocrx_word' id='word_1_51' title='bbox 1395 635 1439 640; x_wconf 96' lang='lat'><strong>—</strong></span> <span class='ocrx_word' id='word_1_52' title='bbox 1455 616 1508 649; x_wconf 92' lang='lat' dir='ltr'>Te</span> <span class='ocrx_word' id='word_1_53' title='bbox 1531 615 1639 649; x_wconf 89' lang='lat' dir='ltr'>recht</span> <span class='ocrx_word' id='word_1_54' title='bbox 1665 616 1752 649; x_wconf 85' lang='lat' dir='ltr'>doct</span> <span class='ocrx_word' id='word_1_55' title='bbox 1776 616 1821 648; x_wconf 87' lang='lat' dir='ltr'>de</span> <span class='ocrx_word' id='word_1_56' title='bbox 1845 615 1954 656; x_wconf 90' lang='lat' dir='ltr'>Hoop</span> 
     </span>
     <span class='ocr_line' id='line_1_7' title="bbox 722 669 1952 712; baseline -0.002 -8"><span class='ocrx_word' id='word_1_57' title='bbox 722 671 890 704; x_wconf 83' lang='lat' dir='ltr'>Scheffcr</span> <span class='ocrx_word' id='word_1_58' title='bbox 907 669 1193 712; x_wconf 75' lang='lat' dir='ltr'>(Gesclziedenis,</span> <span class='ocrx_word' id='word_1_59' title='bbox 1227 670 1390 710; x_wconf 76' lang='lat' dir='ltr'>blz.182,</span> <span class='ocrx_word' id='word_1_60' title='bbox 1417 670 1492 711; x_wconf 80' lang='grc'>183)</span> <span class='ocrx_word' id='word_1_61' title='bbox 1523 670 1742 712; x_wconf 91' lang='lat' dir='ltr'>opmerken,</span> <span class='ocrx_word' id='word_1_62' title='bbox 1772 670 1835 703; x_wconf 86' lang='lat' dir='ltr'>dat</span> <span class='ocrx_word' id='word_1_63' title='bbox 1863 670 1952 703; x_wconf 88' lang='lat' dir='ltr'>deze</span> 
     </span>
     <span class='ocr_line' id='line_1_8' title="bbox 721 724 1955 767; baseline -0.001 -9"><span class='ocrx_word' id='word_1_64' title='bbox 721 725 930 767; x_wconf 85' lang='lat' dir='ltr'>pauselijke</span> <span class='ocrx_word' id='word_1_65' title='bbox 948 725 1134 758; x_wconf 79' lang='lat' dir='ltr'>volmacht</span> <span class='ocrx_word' id='word_1_66' title='bbox 1148 725 1228 757; x_wconf 87' lang='lat' dir='ltr'>zich</span> <span class='ocrx_word' id='word_1_67' title='bbox 1245 725 1325 758; x_wconf 87' lang='lat' dir='ltr'>veel</span> <span class='ocrx_word' id='word_1_68' title='bbox 1350 726 1486 759; x_wconf 83' lang='lat' dir='ltr'>verder</span> <span class='ocrx_word' id='word_1_69' title='bbox 1499 725 1700 758; x_wconf 88' lang='lat' dir='ltr'>uitstrekte</span> <span class='ocrx_word' id='word_1_70' title='bbox 1718 725 1789 758; x_wconf 90' lang='lat' dir='ltr'>dan</span> <span class='ocrx_word' id='word_1_71' title='bbox 1818 724 1864 757; x_wconf 90' lang='lat' dir='ltr'>de</span> <span class='ocrx_word' id='word_1_72' title='bbox 1876 724 1955 757; x_wconf 87' lang='lat' dir='ltr'>kei-</span> 
     </span>
     <span class='ocr_line' id='line_1_9' title="bbox 721 779 1955 822; baseline -0.002 -9"><span class='ocrx_word' id='word_1_73' title='bbox 721 780 875 822; x_wconf 84' lang='lat' dir='ltr'>zerlijke</span> <span class='ocrx_word' id='word_1_74' title='bbox 905 790 973 813; x_wconf 85' lang='lat' dir='ltr'>aan</span> <span class='ocrx_word' id='word_1_75' title='bbox 998 780 1147 813; x_wconf 69' lang='lat' dir='ltr'>Vander</span> <span class='ocrx_word' id='word_1_76' title='bbox 1164 780 1276 813; x_wconf 88' lang='lat' dir='ltr'>Hulst</span> <span class='ocrx_word' id='word_1_77' title='bbox 1300 790 1345 822; x_wconf 90' lang='lat' dir='ltr'>op</span> <span class='ocrx_word' id='word_1_78' title='bbox 1363 781 1405 812; x_wconf 84' lang='grc'>29</span> <span class='ocrx_word' id='word_1_79' title='bbox 1417 780 1523 822; x_wconf 92' lang='lat' dir='ltr'>April</span> <span class='ocrx_word' id='word_1_80' title='bbox 1551 779 1633 812; x_wconf 87' lang='grc'>1522</span> <span class='ocrx_word' id='word_1_81' title='bbox 1647 779 1838 818; x_wconf 87' lang='lat' dir='ltr'>verleend,</span> <span class='ocrx_word' id='word_1_82' title='bbox 1865 779 1955 812; x_wconf 85' lang='lat' dir='ltr'>daar</span> 
     </span>
     <span class='ocr_line' id='line_1_10' title="bbox 723 835 1955 877; baseline -0.001 -10"><span class='ocrx_word' id='word_1_83' title='bbox 723 836 768 868; x_wconf 88' lang='lat' dir='ltr'>de</span> <span class='ocrx_word' id='word_1_84' title='bbox 801 835 1019 877; x_wconf 85' lang='lat' dir='ltr'>algemeene</span> <span class='ocrx_word' id='word_1_85' title='bbox 1046 835 1272 875; x_wconf 85' lang='lat' dir='ltr'>inquisiteur</span> <span class='ocrx_word' id='word_1_86' title='bbox 1304 845 1373 868; x_wconf 88' lang='lat' dir='ltr'>aan</span> <span class='ocrx_word' id='word_1_87' title='bbox 1393 835 1503 869; x_wconf 81' lang='lat' dir='ltr'>Joost</span> <span class='ocrx_word' id='word_1_88' title='bbox 1530 835 1718 868; x_wconf 89' lang='lat' dir='ltr'>Laurensz</span> <span class='ocrx_word' id='word_1_89' title='bbox 1743 835 1822 867; x_wconf 88' lang='lat' dir='ltr'>niet</span> <span class='ocrx_word' id='word_1_90' title='bbox 1851 842 1955 866; x_wconf 87' lang='lat' dir='ltr'>meer</span> 
     </span>
     <span class='ocr_line' id='line_1_11' title="bbox 723 887 1956 932; baseline 0 -11"><span class='ocrx_word' id='word_1_91' title='bbox 723 889 1017 932; x_wconf 82' lang='lat' dir='ltr'>ondergesehikt</span> <span class='ocrx_word' id='word_1_92' title='bbox 1029 889 1130 922; x_wconf 80' lang='lat' dir='ltr'>bleef</span> <span class='ocrx_word' id='word_1_93' title='bbox 1161 898 1207 922; x_wconf 92' lang='lat' dir='ltr'>en</span> <span class='ocrx_word' id='word_1_94' title='bbox 1225 890 1315 923; x_wconf 87' lang='lat' dir='ltr'>daar</span> <span class='ocrx_word' id='word_1_95' title='bbox 1343 890 1407 931; x_wconf 84' lang='lat' dir='ltr'>hij,</span> <span class='ocrx_word' id='word_1_96' title='bbox 1437 891 1524 922; x_wconf 87' lang='lat' dir='ltr'>mits</span> <span class='ocrx_word' id='word_1_97' title='bbox 1545 890 1704 932; x_wconf 84' lang='lat' dir='ltr'>geringe</span> <span class='ocrx_word' id='word_1_98' title='bbox 1727 887 1956 922; x_wconf 90' lang='lat' dir='ltr'>voorbehou-</span> 
     </span>
     <span class='ocr_line' id='line_1_12' title="bbox 719 942 1955 987; baseline -0.001 -11"><span class='ocrx_word' id='word_1_99' title='bbox 719 945 870 987; x_wconf 80' lang='lat' dir='ltr'>dingen,</span> <span class='ocrx_word' id='word_1_100' title='bbox 891 945 956 977; x_wconf 90' lang='lat' dir='ltr'>het</span> <span class='ocrx_word' id='word_1_101' title='bbox 970 944 1179 986; x_wconf 86' lang='lat' dir='ltr'>onbeperkt</span> <span class='ocrx_word' id='word_1_102' title='bbox 1196 954 1313 987; x_wconf 85' lang='lat' dir='ltr'>gezag</span> <span class='ocrx_word' id='word_1_103' title='bbox 1327 954 1415 977; x_wconf 89' lang='lat' dir='ltr'>eens</span> <span class='ocrx_word' id='word_1_104' title='bbox 1432 944 1667 987; x_wconf 83' lang='lat' dir='ltr'>pauselijken</span> <span class='ocrx_word' id='word_1_105' title='bbox 1684 942 1955 985; x_wconf 76' lang='lat' dir='ltr'>hoofdinquisi-</span> 
     </span>
     <span class='ocr_line' id='line_1_13' title="bbox 720 998 1954 1041; baseline -0.001 -10"><span class='ocrx_word' id='word_1_106' title='bbox 720 1001 824 1032; x_wconf 88' lang='lat' dir='ltr'>teurs</span> <span class='ocrx_word' id='word_1_107' title='bbox 860 1009 948 1032; x_wconf 83' lang='lat' dir='ltr'>over</span> <span class='ocrx_word' id='word_1_108' title='bbox 982 999 1116 1032; x_wconf 85' lang='lat' dir='ltr'>leeken</span> <span class='ocrx_word' id='word_1_109' title='bbox 1141 1008 1187 1031; x_wconf 92' lang='lat' dir='ltr'>en</span> <span class='ocrx_word' id='word_1_110' title='bbox 1226 1000 1407 1041; x_wconf 85' lang='lat' dir='ltr'>priesters</span> <span class='ocrx_word' id='word_1_111' title='bbox 1446 1000 1484 1032; x_wconf 90' lang='lat' dir='ltr'>in</span> <span class='ocrx_word' id='word_1_112' title='bbox 1513 999 1547 1032; x_wconf 88' lang='lat' dir='ltr'>al</span> <span class='ocrx_word' id='word_1_113' title='bbox 1573 999 1618 1032; x_wconf 88' lang='lat' dir='ltr'>de</span> <span class='ocrx_word' id='word_1_114' title='bbox 1649 998 1954 1032; x_wconf 87' lang='lat' dir='ltr'>Nederlandscbe</span> 
     </span>
     <span class='ocr_line' id='line_1_14' title="bbox 719 1052 1951 1098; baseline -0.001 -12"><span class='ocrx_word' id='word_1_115' title='bbox 719 1055 950 1098; x_wconf 83' lang='lat' dir='ltr'>bezittingen</span> <span class='ocrx_word' id='word_1_116' title='bbox 968 1063 1037 1087; x_wconf 82' lang='lat' dir='ltr'>van</span> <span class='ocrx_word' id='word_1_117' title='bbox 1051 1054 1178 1087; x_wconf 87' lang='lat' dir='ltr'>keizer</span> <span class='ocrx_word' id='word_1_118' title='bbox 1194 1054 1310 1087; x_wconf 84' lang='lat' dir='ltr'>Karcl</span> <span class='ocrx_word' id='word_1_119' title='bbox 1338 1055 1430 1087; x_wconf 89' lang='lat' dir='ltr'>door</span> <span class='ocrx_word' id='word_1_120' title='bbox 1455 1054 1482 1087; x_wconf 86' lang='lat' dir='ltr'>&#39;s</span> <span class='ocrx_word' id='word_1_121' title='bbox 1505 1063 1647 1096; x_wconf 86' lang='lat' dir='ltr'>pausen</span> <span class='ocrx_word' id='word_1_122' title='bbox 1672 1052 1735 1086; x_wconf 88' lang='lat' dir='ltr'>bul</span> <span class='ocrx_word' id='word_1_123' title='bbox 1753 1053 1951 1095; x_wconf 86' lang='lat' dir='ltr'>verkreeg.</span> 
     </span>
    </p>
   </div>
   <div class='ocr_carea' id='block_1_3' title="bbox 1079 1191 1192 1236">
    <p class='ocr_par' dir='ltr' id='par_1_3' title="bbox 1079 1191 1192 1236">
     <span class='ocr_line' id='line_1_15' title="bbox 1079 1191 1192 1236; baseline -0.027 -1"><span class='ocrx_word' id='word_1_124' title='bbox 1079 1191 1192 1236; x_wconf 85' lang='lat'><strong>137.</strong></span> 
     </span>
    </p>
   </div>
   <div class='ocr_carea' id='block_1_4' title="bbox 400 1306 1954 1364">
    <p class='ocr_par' dir='ltr' id='par_1_4' title="bbox 400 1306 1954 1364">
     <span class='ocr_line' id='line_1_16' title="bbox 400 1306 1954 1364; baseline -0.005 -8"><span class='ocrx_word' id='word_1_125' title='bbox 400 1318 538 1364; x_wconf 74' lang='lat'>1523,</span> <span class='ocrx_word' id='word_1_126' title='bbox 577 1311 699 1355; x_wconf 71' lang='grc' dir='ltr'>ιῙαηί</span> <span class='ocrx_word' id='word_1_127' title='bbox 726 1317 800 1363; x_wconf 82' lang='grc'>22,</span> <span class='ocrx_word' id='word_1_128' title='bbox 833 1312 1089 1355; x_wconf 72' lang='lat' dir='ltr'>Meclzelen.</span> <span class='ocrx_word' id='word_1_129' title='bbox 1133 1308 1378 1353; x_wconf 77' lang='lat' dir='ltr'>Notarieele</span> <span class='ocrx_word' id='word_1_130' title='bbox 1424 1307 1724 1351; x_wconf 82' lang='lat' dir='ltr'>vidimus-acte</span> <span class='ocrx_word' id='word_1_131' title='bbox 1774 1320 1860 1349; x_wconf 82' lang='lat' dir='ltr'>van</span> <span class='ocrx_word' id='word_1_132' title='bbox 1903 1306 1954 1349; x_wconf 88' lang='lat' dir='ltr'>de</span> 
     </span>
    </p>
   </div>
   <div class='ocr_carea' id='block_1_5' title="bbox 328 1380 1955 1575">
    <p class='ocr_par' dir='ltr' id='par_1_5' title="bbox 328 1380 1955 1575">
     <span class='ocr_line' id='line_1_17' title="bbox 330 1380 1955 1438; baseline -0.002 -12"><span class='ocrx_word' id='word_1_133' title='bbox 330 1384 570 1427; x_wconf 80' lang='lat' dir='ltr'>commissie</span> <span class='ocrx_word' id='word_1_134' title='bbox 608 1397 690 1426; x_wconf 88' lang='lat' dir='ltr'>van</span> <span class='ocrx_word' id='word_1_135' title='bbox 729 1384 868 1426; x_wconf 90' lang='lat' dir='ltr'>Frans</span> <span class='ocrx_word' id='word_1_136' title='bbox 907 1383 1095 1425; x_wconf 82' lang='lat' dir='ltr'>Vander·</span> <span class='ocrx_word' id='word_1_137' title='bbox 1116 1383 1245 1425; x_wconf 87' lang='lat' dir='ltr'>Hulst</span> <span class='ocrx_word' id='word_1_138' title='bbox 1283 1383 1347 1424; x_wconf 88' lang='lat' dir='ltr'>als</span> <span class='ocrx_word' id='word_1_139' title='bbox 1381 1381 1651 1438; x_wconf 86' lang='lat' dir='ltr'>pauselijken</span> <span class='ocrx_word' id='word_1_140' title='bbox 1695 1380 1955 1436; x_wconf 77' lang='lat' dir='ltr'>inquisiteur·</span> 
     </span>
     <span class='ocr_line' id='line_1_18' title="bbox 328 1449 1950 1508; baseline -0.004 -12"><span class='ocrx_word' id='word_1_141' title='bbox 328 1453 432 1496; x_wconf 88' lang='lat' dir='ltr'>door</span> <span class='ocrx_word' id='word_1_142' title='bbox 453 1453 674 1496; x_wconf 82' lang='lat' dir='ltr'>Johannes</span> <span class='ocrx_word' id='word_1_143' title='bbox 697 1451 891 1508; x_wconf 84' lang='lat' dir='ltr'>Robyns‚</span> <span class='ocrx_word' id='word_1_144' title='bbox 921 1451 1058 1494; x_wconf 88' lang='lat' dir='ltr'>deken</span> <span class='ocrx_word' id='word_1_145' title='bbox 1093 1452 1169 1494; x_wconf 87' lang='lat' dir='ltr'>der</span> <span class='ocrx_word' id='word_1_146' title='bbox 1200 1449 1620 1494; x_wconf 82' lang='lat' dir='ltr'>St-Romboutskerk</span> <span class='ocrx_word' id='word_1_147' title='bbox 1643 1453 1686 1493; x_wconf 88' lang='lat' dir='ltr'>te</span> <span class='ocrx_word' id='word_1_148' title='bbox 1709 1449 1950 1500; x_wconf 87' lang='lat' dir='ltr'>Mechelen,</span> 
     </span>
     <span class='ocr_line' id='line_1_19' title="bbox 328 1516 1947 1575; baseline -0.002 -11"><span class='ocrx_word' id='word_1_149' title='bbox 328 1535 411 1564; x_wconf 87' lang='lat' dir='ltr'>aan</span> <span class='ocrx_word' id='word_1_150' title='bbox 433 1521 610 1564; x_wconf 90' lang='lat' dir='ltr'>Vander</span> <span class='ocrx_word' id='word_1_151' title='bbox 633 1521 761 1563; x_wconf 87' lang='lat' dir='ltr'>Hulst</span> <span class='ocrx_word' id='word_1_152' title='bbox 784 1520 1031 1575; x_wconf 82' lang='lat' dir='ltr'>afgeleverd</span> <span class='ocrx_word' id='word_1_153' title='bbox 1055 1523 1126 1563; x_wconf 86' lang='lat' dir='ltr'>ten</span> <span class='ocrx_word' id='word_1_154' title='bbox 1147 1519 1337 1562; x_wconf 88' lang='lat' dir='ltr'>behoeve</span> <span class='ocrx_word' id='word_1_155' title='bbox 1361 1533 1445 1562; x_wconf 87' lang='lat' dir='ltr'>van</span> <span class='ocrx_word' id='word_1_156' title='bbox 1467 1519 1498 1562; x_wconf 88' lang='lat' dir='ltr'>&#39;t</span> <span class='ocrx_word' id='word_1_157' title='bbox 1521 1518 1609 1561; x_wconf 84' lang='lat' dir='ltr'>Hos</span> <span class='ocrx_word' id='word_1_158' title='bbox 1626 1532 1710 1561; x_wconf 86' lang='lat' dir='ltr'>van</span> <span class='ocrx_word' id='word_1_159' title='bbox 1744 1516 1947 1560; x_wconf 87' lang='lat' dir='ltr'>Holland.</span> 
     </span>
    </p>
   </div>
   <div class='ocr_carea' id='block_1_6' title="bbox 327 1589 1952 1717">
    <p class='ocr_par' dir='ltr' id='par_1_6' title="bbox 327 1589 1952 1717">
     <span class='ocr_line' id='line_1_20' title="bbox 327 1589 1952 1650; baseline -0.003 -15"><span class='ocrx_word' id='word_1_160' title='bbox 327 1593 432 1650; x_wconf 90' lang='lat' dir='ltr'>(Het</span> <span class='ocrx_word' id='word_1_161' title='bbox 470 1592 572 1635; x_wconf 85' lang='lat' dir='ltr'>stuk</span> <span class='ocrx_word' id='word_1_162' title='bbox 606 1591 734 1635; x_wconf 88' lang='lat' dir='ltr'>bevat</span> <span class='ocrx_word' id='word_1_163' title='bbox 777 1605 855 1634; x_wconf 89' lang='lat' dir='ltr'>een</span> <span class='ocrx_word' id='word_1_164' title='bbox 889 1591 1078 1648; x_wconf 83' lang='lat' dir='ltr'>volledig</span> <span class='ocrx_word' id='word_1_165' title='bbox 1109 1590 1309 1634; x_wconf 83' lang='lat' dir='ltr'>afschrift</span> <span class='ocrx_word' id='word_1_166' title='bbox 1341 1591 1418 1633; x_wconf 87' lang='lat' dir='ltr'>der</span> <span class='ocrx_word' id='word_1_167' title='bbox 1454 1589 1723 1646; x_wconf 85' lang='lat' dir='ltr'>voorgaande</span> <span class='ocrx_word' id='word_1_168' title='bbox 1754 1589 1828 1633; x_wconf 92' lang='lat' dir='ltr'>bul</span> <span class='ocrx_word' id='word_1_169' title='bbox 1867 1601 1952 1631; x_wconf 89' lang='lat' dir='ltr'>van</span> 
     </span>
     <span class='ocr_line' id='line_1_21' title="bbox 327 1660 978 1717; baseline 0 -13"><span class='ocrx_word' id='word_1_170' title='bbox 327 1661 518 1704; x_wconf 85' lang='lat' dir='ltr'>Adriaan</span> <span class='ocrx_word' id='word_1_171' title='bbox 546 1661 622 1713; x_wconf 92' lang='lat' dir='ltr'>VI,</span> <span class='ocrx_word' id='word_1_172' title='bbox 653 1663 672 1704; x_wconf 91' lang='lat'>1</span> <span class='ocrx_word' id='word_1_173' title='bbox 699 1661 803 1704; x_wconf 85' lang='lat' dir='ltr'>Juni</span> <span class='ocrx_word' id='word_1_174' title='bbox 829 1660 978 1717; x_wconf 80' lang='lat'>1523).</span> 
     </span>
    </p>
   </div>
   <div class='ocr_carea' id='block_1_7' title="bbox 655 1752 1615 1788">
    <p class='ocr_par' dir='ltr' id='par_1_7' title="bbox 655 1752 1615 1788">
     <span class='ocr_line' id='line_1_22' title="bbox 655 1752 1615 1788; baseline -0.001 -1"><span class='ocrx_word' id='word_1_175' title='bbox 655 1753 868 1788; x_wconf 77' lang='lat' dir='ltr'>Commissie</span> <span class='ocrx_word' id='word_1_176' title='bbox 891 1763 965 1787; x_wconf 81' lang='lat' dir='ltr'>van</span> <span class='ocrx_word' id='word_1_177' title='bbox 987 1754 1049 1787; x_wconf 89' lang='lat' dir='ltr'>Mr</span> <span class='ocrx_word' id='word_1_178' title='bbox 1072 1752 1280 1787; x_wconf 78' lang='lat' dir='ltr'>Franchois</span> <span class='ocrx_word' id='word_1_179' title='bbox 1303 1764 1378 1787; x_wconf 81' lang='lat' dir='ltr'>van</span> <span class='ocrx_word' id='word_1_180' title='bbox 1402 1753 1468 1786; x_wconf 82' lang='lat' dir='ltr'>der</span> <span class='ocrx_word' id='word_1_181' title='bbox 1490 1752 1615 1786; x_wconf 77' lang='lat' dir='ltr'>Hulst‚</span> 
     </span>
    </p>
   </div>
   <div class='ocr_carea' id='block_1_8' title="bbox 322 1818 1953 3012">
    <p class='ocr_par' dir='ltr' id='par_1_8' title="bbox 325 1818 1953 2082">
     <span class='ocr_line' id='line_1_23' title="bbox 370 1818 1952 1862; baseline -0.001 -9"><span class='ocrx_word' id='word_1_182' title='bbox 370 1820 564 1853; x_wconf 80' lang='lat' dir='ltr'>Universis</span> <span class='ocrx_word' id='word_1_183' title='bbox 592 1821 630 1852; x_wconf 89' lang='lat' dir='ltr'>et</span> <span class='ocrx_word' id='word_1_184' title='bbox 653 1819 813 1862; x_wconf 82' lang='lat' dir='ltr'>singulis</span> <span class='ocrx_word' id='word_1_185' title='bbox 830 1820 1027 1860; x_wconf 75' lang='lat' dir='ltr'>presentes</span> <span class='ocrx_word' id='word_1_186' title='bbox 1052 1818 1183 1851; x_wconf 81' lang='lat' dir='ltr'>literas</span> <span class='ocrx_word' id='word_1_187' title='bbox 1200 1819 1278 1852; x_wconf 80' lang='lat' dir='ltr'>sive</span> <span class='ocrx_word' id='word_1_188' title='bbox 1305 1828 1460 1860; x_wconf 81' lang='lat' dir='ltr'>presens</span> <span class='ocrx_word' id='word_1_189' title='bbox 1484 1819 1676 1860; x_wconf 91' lang='lat' dir='ltr'>publicum</span> <span class='ocrx_word' id='word_1_190' title='bbox 1707 1818 1952 1861; x_wconf 83' lang='lat' dir='ltr'>transsumpti</span> 
     </span>
     <span class='ocr_line' id='line_1_24' title="bbox 325 1873 1952 1915; baseline -0.001 -7"><span class='ocrx_word' id='word_1_191' title='bbox 325 1876 616 1908; x_wconf 80' lang='lat' dir='ltr'>instrumentum</span> <span class='ocrx_word' id='word_1_192' title='bbox 653 1875 892 1915; x_wconf 87' lang='lat' dir='ltr'>inspecturis,</span> <span class='ocrx_word' id='word_1_193' title='bbox 930 1874 1079 1912; x_wconf 82' lang='lat' dir='ltr'>visuriS,</span> <span class='ocrx_word' id='word_1_194' title='bbox 1113 1873 1267 1906; x_wconf 88' lang='lat' dir='ltr'>lecturis</span> <span class='ocrx_word' id='word_1_195' title='bbox 1299 1874 1442 1915; x_wconf 90' lang='lat' dir='ltr'>pariter</span> <span class='ocrx_word' id='word_1_196' title='bbox 1469 1875 1507 1906; x_wconf 86' lang='lat' dir='ltr'>et</span> <span class='ocrx_word' id='word_1_197' title='bbox 1534 1874 1730 1912; x_wconf 84' lang='lat' dir='ltr'>audituris,</span> <span class='ocrx_word' id='word_1_198' title='bbox 1758 1874 1952 1907; x_wconf 79' lang='lat' dir='ltr'>Johannes</span> 
     </span>
     <span class='ocr_line' id='line_1_25' title="bbox 325 1928 1952 1971; baseline -0.001 -9"><span class='ocrx_word' id='word_1_199' title='bbox 325 1930 496 1971; x_wconf 82' lang='lat' dir='ltr'>Robijns,</span> <span class='ocrx_word' id='word_1_200' title='bbox 523 1930 661 1962; x_wconf 88' lang='lat' dir='ltr'>artium</span> <span class='ocrx_word' id='word_1_201' title='bbox 685 1929 879 1971; x_wconf 85' lang='lat' dir='ltr'>magister,</span> <span class='ocrx_word' id='word_1_202' title='bbox 907 1929 1069 1961; x_wconf 88' lang='lat' dir='ltr'>decanus</span> <span class='ocrx_word' id='word_1_203' title='bbox 1094 1928 1252 1961; x_wconf 88' lang='lat' dir='ltr'>ecclesie</span> <span class='ocrx_word' id='word_1_204' title='bbox 1276 1928 1476 1971; x_wconf 84' lang='lat' dir='ltr'>collegiate</span> <span class='ocrx_word' id='word_1_205' title='bbox 1494 1928 1612 1961; x_wconf 88' lang='lat' dir='ltr'>sancti</span> <span class='ocrx_word' id='word_1_206' title='bbox 1628 1928 1807 1961; x_wconf 87' lang='lat' dir='ltr'>Rumoldi</span> <span class='ocrx_word' id='word_1_207' title='bbox 1824 1928 1952 1970; x_wconf 89' lang='lat' dir='ltr'>oppidi</span> 
     </span>
     <span class='ocr_line' id='line_1_26' title="bbox 327 1983 1953 2025; baseline -0.001 -8"><span class='ocrx_word' id='word_1_208' title='bbox 327 1984 619 2022; x_wconf 88' lang='lat' dir='ltr'>Mechliniensis,</span> <span class='ocrx_word' id='word_1_209' title='bbox 650 1984 928 2017; x_wconf 79' lang='lat' dir='ltr'>Cameracensis</span> <span class='ocrx_word' id='word_1_210' title='bbox 958 1983 1129 2022; x_wconf 88' lang='lat' dir='ltr'>diocesis,</span> <span class='ocrx_word' id='word_1_211' title='bbox 1164 1983 1322 2016; x_wconf 85' lang='lat' dir='ltr'>salutem</span> <span class='ocrx_word' id='word_1_212' title='bbox 1354 1983 1392 2015; x_wconf 91' lang='lat' dir='ltr'>in</span> <span class='ocrx_word' id='word_1_213' title='bbox 1425 1983 1584 2016; x_wconf 90' lang='lat' dir='ltr'>Domino</span> <span class='ocrx_word' id='word_1_214' title='bbox 1617 1984 1883 2025; x_wconf 87' lang='lat' dir='ltr'>sempiternam</span> <span class='ocrx_word' id='word_1_215' title='bbox 1915 1984 1953 2016; x_wconf 91' lang='lat' dir='ltr'>et</span> 
     </span>
     <span class='ocr_line' id='line_1_27' title="bbox 325 2038 1137 2082; baseline -0.004 -10"><span class='ocrx_word' id='word_1_216' title='bbox 325 2040 563 2082; x_wconf 82' lang='lat' dir='ltr'>presentibus</span> <span class='ocrx_word' id='word_1_217' title='bbox 588 2039 700 2071; x_wconf 85' lang='lat' dir='ltr'>fidem</span> <span class='ocrx_word' id='word_1_218' title='bbox 724 2039 917 2070; x_wconf 85' lang='lat' dir='ltr'>indubiam</span> <span class='ocrx_word' id='word_1_219' title='bbox 946 2038 1137 2071; x_wconf 86' lang='lat' dir='ltr'>adhibere.</span> 
     </span>
    </p>

    <p class='ocr_par' dir='ltr' id='par_1_9' title="bbox 322 2091 1951 3012">
     <span class='ocr_line' id='line_1_28' title="bbox 370 2091 1950 2133; baseline -0.003 -6"><span class='ocrx_word' id='word_1_220' title='bbox 370 2094 615 2127; x_wconf 88' lang='lat' dir='ltr'>Universitati</span> <span class='ocrx_word' id='word_1_221' title='bbox 642 2095 764 2127; x_wconf 85' lang='lat' dir='ltr'>vestre</span> <span class='ocrx_word' id='word_1_222' title='bbox 793 2094 1026 2131; x_wconf 81' lang='lat' dir='ltr'>attestamur,</span> <span class='ocrx_word' id='word_1_223' title='bbox 1053 2094 1151 2133; x_wconf 80' lang='lat' dir='ltr'>quod</span> <span class='ocrx_word' id='word_1_224' title='bbox 1176 2102 1286 2132; x_wconf 87' lang='lat' dir='ltr'>anno,</span> <span class='ocrx_word' id='word_1_225' title='bbox 1312 2093 1530 2132; x_wconf 86' lang='lat' dir='ltr'>indictione,</span> <span class='ocrx_word' id='word_1_226' title='bbox 1556 2102 1697 2132; x_wconf 88' lang='lat' dir='ltr'>mense,</span> <span class='ocrx_word' id='word_1_227' title='bbox 1724 2093 1784 2126; x_wconf 88' lang='lat' dir='ltr'>die</span> <span class='ocrx_word' id='word_1_228' title='bbox 1809 2093 1846 2125; x_wconf 86' lang='lat' dir='ltr'>et</span> <span class='ocrx_word' id='word_1_229' title='bbox 1868 2091 1950 2124; x_wconf 88' lang='lat' dir='ltr'>loco</span> 
     </span>
     <span class='ocr_line' id='line_1_29' title="bbox 324 2146 1951 2191; baseline -0.002 -10"><span class='ocrx_word' id='word_1_230' title='bbox 324 2150 575 2191; x_wconf 75' lang='lat' dir='ltr'>infrascriptis</span> <span class='ocrx_word' id='word_1_231' title='bbox 599 2150 720 2182; x_wconf 86' lang='lat' dir='ltr'>certas</span> <span class='ocrx_word' id='word_1_232' title='bbox 738 2148 868 2181; x_wconf 87' lang='lat' dir='ltr'>literas</span> <span class='ocrx_word' id='word_1_233' title='bbox 894 2147 1118 2189; x_wconf 87' lang='lat' dir='ltr'>apostolicas</span> <span class='ocrx_word' id='word_1_234' title='bbox 1135 2149 1361 2180; x_wconf 83' lang='lat' dir='ltr'>sanctissimi</span> <span class='ocrx_word' id='word_1_235' title='bbox 1378 2149 1415 2180; x_wconf 92' lang='lat' dir='ltr'>in</span> <span class='ocrx_word' id='word_1_236' title='bbox 1435 2148 1582 2181; x_wconf 86' lang='lat' dir='ltr'>Christo</span> <span class='ocrx_word' id='word_1_237' title='bbox 1607 2148 1725 2189; x_wconf 85' lang='lat' dir='ltr'>patris</span> <span class='ocrx_word' id='word_1_238' title='bbox 1749 2149 1787 2180; x_wconf 90' lang='lat' dir='ltr'>et</span> <span class='ocrx_word' id='word_1_239' title='bbox 1810 2146 1951 2179; x_wconf 88' lang='lat' dir='ltr'>domini</span> 
     </span>
     <span class='ocr_line' id='line_1_30' title="bbox 326 2200 1950 2245; baseline -0.002 -9"><span class='ocrx_word' id='word_1_240' title='bbox 326 2205 445 2236; x_wconf 88' lang='lat' dir='ltr'>nostri</span> <span class='ocrx_word' id='word_1_241' title='bbox 457 2204 625 2242; x_wconf 83' lang='lat' dir='ltr'>Adriani,</span> <span class='ocrx_word' id='word_1_242' title='bbox 642 2204 766 2236; x_wconf 86' lang='lat' dir='ltr'>divina</span> <span class='ocrx_word' id='word_1_243' title='bbox 777 2203 1015 2244; x_wconf 78' lang='lat' dir='ltr'>providentia</span> <span class='ocrx_word' id='word_1_244' title='bbox 1027 2212 1123 2244; x_wconf 88' lang='lat' dir='ltr'>pape</span> <span class='ocrx_word' id='word_1_245' title='bbox 1137 2203 1245 2241; x_wconf 81' lang='lat' dir='ltr'>sexti,</span> <span class='ocrx_word' id='word_1_246' title='bbox 1265 2202 1391 2245; x_wconf 83' lang='lat' dir='ltr'>sigillo</span> <span class='ocrx_word' id='word_1_247' title='bbox 1405 2203 1486 2244; x_wconf 88' lang='lat' dir='ltr'>ejus</span> <span class='ocrx_word' id='word_1_248' title='bbox 1499 2202 1674 2243; x_wconf 85' lang='lat' dir='ltr'>plumbeo</span> <span class='ocrx_word' id='word_1_249' title='bbox 1689 2211 1772 2235; x_wconf 90' lang='lat' dir='ltr'>cum</span> <span class='ocrx_word' id='word_1_250' title='bbox 1785 2200 1950 2234; x_wconf 84' lang='lat' dir='ltr'>cordulis</span> 
     </span>
     <span class='ocr_line' id='line_1_31' title="bbox 325 2256 1951 2301; baseline -0.002 -10"><span class='ocrx_word' id='word_1_251' title='bbox 325 2260 475 2301; x_wconf 88' lang='lat' dir='ltr'>canapis</span> <span class='ocrx_word' id='word_1_252' title='bbox 498 2268 603 2291; x_wconf 90' lang='lat' dir='ltr'>more</span> <span class='ocrx_word' id='word_1_253' title='bbox 629 2259 800 2291; x_wconf 84' lang='lat' dir='ltr'>Romane</span> <span class='ocrx_word' id='word_1_254' title='bbox 839 2258 942 2290; x_wconf 87' lang='lat' dir='ltr'>curie</span> <span class='ocrx_word' id='word_1_255' title='bbox 980 2257 1240 2299; x_wconf 89' lang='lat' dir='ltr'>impendentes</span> <span class='ocrx_word' id='word_1_256' title='bbox 1271 2257 1434 2289; x_wconf 86' lang='lat' dir='ltr'>bullatas</span> <span class='ocrx_word' id='word_1_257' title='bbox 1469 2258 1507 2289; x_wconf 89' lang='lat' dir='ltr'>et</span> <span class='ocrx_word' id='word_1_258' title='bbox 1545 2266 1654 2289; x_wconf 85' lang='lat' dir='ltr'>sanas</span> <span class='ocrx_word' id='word_1_259' title='bbox 1697 2256 1882 2297; x_wconf 88' lang='lat' dir='ltr'>siquidem</span> <span class='ocrx_word' id='word_1_260' title='bbox 1913 2256 1951 2288; x_wconf 87' lang='lat' dir='ltr'>et</span> 
     </span>
     <span class='ocr_line' id='line_1_32' title="bbox 324 2311 1947 2356; baseline -0.002 -9"><span class='ocrx_word' id='word_1_261' title='bbox 324 2314 504 2356; x_wconf 85' lang='lat' dir='ltr'>integras,</span> <span class='ocrx_word' id='word_1_262' title='bbox 524 2323 597 2346; x_wconf 93' lang='lat' dir='ltr'>non</span> <span class='ocrx_word' id='word_1_263' title='bbox 613 2313 779 2351; x_wconf 89' lang='lat' dir='ltr'>viciatas,</span> <span class='ocrx_word' id='word_1_264' title='bbox 798 2322 873 2344; x_wconf 89' lang='lat' dir='ltr'>non</span> <span class='ocrx_word' id='word_1_265' title='bbox 890 2312 1127 2351; x_wconf 84' lang='lat' dir='ltr'>cancellatas,</span> <span class='ocrx_word' id='word_1_266' title='bbox 1147 2321 1269 2353; x_wconf 84' lang='lat' dir='ltr'>neque</span> <span class='ocrx_word' id='word_1_267' title='bbox 1286 2312 1324 2344; x_wconf 90' lang='lat' dir='ltr'>in</span> <span class='ocrx_word' id='word_1_268' title='bbox 1342 2311 1466 2352; x_wconf 87' lang='lat' dir='ltr'>aliquo</span> <span class='ocrx_word' id='word_1_269' title='bbox 1481 2321 1611 2344; x_wconf 90' lang='lat' dir='ltr'>eorum</span> <span class='ocrx_word' id='word_1_270' title='bbox 1624 2313 1730 2353; x_wconf 88' lang='lat' dir='ltr'>parte</span> <span class='ocrx_word' id='word_1_271' title='bbox 1744 2312 1947 2353; x_wconf 75' lang='lat' dir='ltr'>suspectas,</span> 
     </span>
     <span class='ocr_line' id='line_1_33' title="bbox 325 2366 1946 2410; baseline -0.002 -9"><span class='ocrx_word' id='word_1_272' title='bbox 325 2369 390 2402; x_wconf 83' lang='lat' dir='ltr'>sed</span> <span class='ocrx_word' id='word_1_273' title='bbox 408 2369 508 2401; x_wconf 90' lang='lat' dir='ltr'>omni</span> <span class='ocrx_word' id='word_1_274' title='bbox 524 2377 678 2410; x_wconf 85' lang='lat' dir='ltr'>prorsus</span> <span class='ocrx_word' id='word_1_275' title='bbox 694 2368 784 2400; x_wconf 90' lang='lat' dir='ltr'>vitio</span> <span class='ocrx_word' id='word_1_276' title='bbox 803 2368 840 2400; x_wconf 87' lang='lat' dir='ltr'>et</span> <span class='ocrx_word' id='word_1_277' title='bbox 857 2367 1077 2408; x_wconf 85' lang='lat' dir='ltr'>suspitione,</span> <span class='ocrx_word' id='word_1_278' title='bbox 1096 2368 1138 2399; x_wconf 91' lang='lat' dir='ltr'>ut</span> <span class='ocrx_word' id='word_1_279' title='bbox 1153 2367 1191 2399; x_wconf 91' lang='lat' dir='ltr'>in</span> <span class='ocrx_word' id='word_1_280' title='bbox 1209 2367 1263 2400; x_wconf 90' lang='lat' dir='ltr'>eis</span> <span class='ocrx_word' id='word_1_281' title='bbox 1280 2366 1402 2408; x_wconf 90' lang='lat' dir='ltr'>prima</span> <span class='ocrx_word' id='word_1_282' title='bbox 1417 2367 1512 2399; x_wconf 73' lang='lat' dir='ltr'>facie</span> <span class='ocrx_word' id='word_1_283' title='bbox 1530 2366 1744 2408; x_wconf 82' lang='lat' dir='ltr'>apparebat,</span> <span class='ocrx_word' id='word_1_284' title='bbox 1764 2366 1946 2404; x_wconf 77' lang='lat' dir='ltr'>carentes,</span> 
     </span>
     <span class='ocr_line' id='line_1_34' title="bbox 325 2420 1949 2465; baseline -0.002 -10"><span class='ocrx_word' id='word_1_285' title='bbox 325 2423 432 2455; x_wconf 88' lang='lat' dir='ltr'>nobis</span> <span class='ocrx_word' id='word_1_286' title='bbox 455 2432 523 2465; x_wconf 89' lang='lat' dir='ltr'>pro</span> <span class='ocrx_word' id='word_1_287' title='bbox 546 2424 654 2465; x_wconf 89' lang='lat' dir='ltr'>parte</span> <span class='ocrx_word' id='word_1_288' title='bbox 670 2421 895 2456; x_wconf 86' lang='lat' dir='ltr'>venerabilis</span> <span class='ocrx_word' id='word_1_289' title='bbox 920 2423 958 2454; x_wconf 89' lang='lat' dir='ltr'>et</span> <span class='ocrx_word' id='word_1_290' title='bbox 980 2422 1241 2463; x_wconf 85' lang='lat' dir='ltr'>circumspecti</span> <span class='ocrx_word' id='word_1_291' title='bbox 1258 2421 1329 2453; x_wconf 87' lang='lat' dir='ltr'>viri</span> <span class='ocrx_word' id='word_1_292' title='bbox 1353 2421 1493 2453; x_wconf 86' lang='lat' dir='ltr'>domini</span> <span class='ocrx_word' id='word_1_293' title='bbox 1511 2422 1548 2453; x_wconf 89' lang='lat' dir='ltr'>et</span> <span class='ocrx_word' id='word_1_294' title='bbox 1562 2421 1735 2463; x_wconf 85' lang='lat' dir='ltr'>magistri</span> <span class='ocrx_word' id='word_1_295' title='bbox 1758 2420 1949 2453; x_wconf 87' lang='lat' dir='ltr'>Francisci</span> 
     </span>
     <span class='ocr_line' id='line_1_35' title="bbox 324 2474 1948 2518; baseline -0.002 -8"><span class='ocrx_word' id='word_1_296' title='bbox 324 2487 394 2510; x_wconf 86' lang='lat' dir='ltr'>van</span> <span class='ocrx_word' id='word_1_297' title='bbox 409 2479 474 2511; x_wconf 88' lang='lat' dir='ltr'>der</span> <span class='ocrx_word' id='word_1_298' title='bbox 487 2477 610 2516; x_wconf 90' lang='lat' dir='ltr'>Hulst‚</span> <span class='ocrx_word' id='word_1_299' title='bbox 626 2478 664 2510; x_wconf 91' lang='lat' dir='ltr'>in</span> <span class='ocrx_word' id='word_1_300' title='bbox 680 2479 840 2517; x_wconf 87' lang='lat' dir='ltr'>utroque</span> <span class='ocrx_word' id='word_1_301' title='bbox 852 2477 936 2518; x_wconf 86' lang='lat' dir='ltr'>jure</span> <span class='ocrx_word' id='word_1_302' title='bbox 950 2476 1145 2515; x_wconf 90' lang='lat' dir='ltr'>licentiati,</span> <span class='ocrx_word' id='word_1_303' title='bbox 1160 2475 1379 2517; x_wconf 88' lang='lat' dir='ltr'>principalis</span> <span class='ocrx_word' id='word_1_304' title='bbox 1392 2476 1431 2507; x_wconf 88' lang='lat' dir='ltr'>in</span> <span class='ocrx_word' id='word_1_305' title='bbox 1445 2475 1586 2508; x_wconf 88' lang='lat' dir='ltr'>eisdem</span> <span class='ocrx_word' id='word_1_306' title='bbox 1598 2474 1719 2508; x_wconf 90' lang='lat' dir='ltr'>literis</span> <span class='ocrx_word' id='word_1_307' title='bbox 1733 2474 1948 2516; x_wconf 87' lang='lat' dir='ltr'>apostolicis</span> 
     </span>
     <span class='ocr_line' id='line_1_36' title="bbox 323 2530 1948 2574; baseline -0.002 -10"><span class='ocrx_word' id='word_1_308' title='bbox 323 2532 583 2574; x_wconf 88' lang='lat' dir='ltr'>principaliter</span> <span class='ocrx_word' id='word_1_309' title='bbox 599 2532 793 2570; x_wconf 86' lang='lat' dir='ltr'>nominati,</span> <span class='ocrx_word' id='word_1_310' title='bbox 812 2540 937 2564; x_wconf 89' lang='lat' dir='ltr'>coram</span> <span class='ocrx_word' id='word_1_311' title='bbox 955 2531 1101 2564; x_wconf 86' lang='lat' dir='ltr'>notario</span> <span class='ocrx_word' id='word_1_312' title='bbox 1118 2530 1269 2572; x_wconf 89' lang='lat' dir='ltr'>publico</span> <span class='ocrx_word' id='word_1_313' title='bbox 1294 2532 1332 2563; x_wconf 87' lang='lat' dir='ltr'>et</span> <span class='ocrx_word' id='word_1_314' title='bbox 1355 2530 1514 2563; x_wconf 87' lang='lat' dir='ltr'>testibus</span> <span class='ocrx_word' id='word_1_315' title='bbox 1530 2530 1781 2571; x_wconf 81' lang='lat' dir='ltr'>infrascriptis</span> <span class='ocrx_word' id='word_1_316' title='bbox 1797 2538 1948 2570; x_wconf 89' lang='lat' dir='ltr'>presen-</span> 
     </span>
     <span class='ocr_line' id='line_1_37' title="bbox 323 2584 1948 2628; baseline -0.002 -8"><span class='ocrx_word' id='word_1_317' title='bbox 323 2590 486 2620; x_wconf 85' lang='lat' dir='ltr'>tatorum</span> <span class='ocrx_word' id='word_1_318' title='bbox 502 2588 673 2626; x_wconf 85' lang='lat' dir='ltr'>vidimus,</span> <span class='ocrx_word' id='word_1_319' title='bbox 688 2586 934 2628; x_wconf 81' lang='lat' dir='ltr'>inspeximus,</span> <span class='ocrx_word' id='word_1_320' title='bbox 953 2595 1065 2618; x_wconf 91' lang='lat' dir='ltr'>manu</span> <span class='ocrx_word' id='word_1_321' title='bbox 1082 2586 1282 2624; x_wconf 87' lang='lat' dir='ltr'>tenuimus,</span> <span class='ocrx_word' id='word_1_322' title='bbox 1297 2585 1531 2626; x_wconf 85' lang='lat' dir='ltr'>palpavimus</span> <span class='ocrx_word' id='word_1_323' title='bbox 1549 2586 1587 2617; x_wconf 89' lang='lat' dir='ltr'>et</span> <span class='ocrx_word' id='word_1_324' title='bbox 1599 2584 1760 2627; x_wconf 86' lang='lat' dir='ltr'>legimus</span> <span class='ocrx_word' id='word_1_325' title='bbox 1777 2585 1948 2617; x_wconf 88' lang='lat' dir='ltr'>tenorem</span> 
     </span>
     <span class='ocr_line' id='line_1_38' title="bbox 323 2639 1944 2683; baseline -0.002 -8"><span class='ocrx_word' id='word_1_326' title='bbox 323 2643 612 2683; x_wconf 87' lang='lat' dir='ltr'>subsequentem</span> <span class='ocrx_word' id='word_1_327' title='bbox 629 2642 674 2675; x_wconf 90' lang='lat' dir='ltr'>de</span> <span class='ocrx_word' id='word_1_328' title='bbox 690 2642 803 2674; x_wconf 88' lang='lat' dir='ltr'>verbo</span> <span class='ocrx_word' id='word_1_329' title='bbox 822 2641 868 2674; x_wconf 84' lang='lat' dir='ltr'>ad</span> <span class='ocrx_word' id='word_1_330' title='bbox 883 2641 1039 2673; x_wconf 85' lang='lat' dir='ltr'>verbum</span> <span class='ocrx_word' id='word_1_331' title='bbox 1056 2641 1095 2673; x_wconf 89' lang='lat' dir='ltr'>in</span> <span class='ocrx_word' id='word_1_332' title='bbox 1112 2649 1152 2673; x_wconf 88' lang='lat' dir='ltr'>se</span> <span class='ocrx_word' id='word_1_333' title='bbox 1170 2640 1425 2673; x_wconf 87' lang='lat' dir='ltr'>continentem</span> <span class='ocrx_word' id='word_1_334' title='bbox 1445 2649 1453 2671; x_wconf 76' lang='grc' dir='ltr'>ε</span> <span class='ocrx_word' id='word_1_335' title='bbox 1485 2652 1501 2666; x_wconf 71' lang='lat' dir='ltr'><em>u</em></span> <span class='ocrx_word' id='word_1_336' title='bbox 1517 2639 1707 2672; x_wconf 87' lang='lat' dir='ltr'>Adrianus</span> <span class='ocrx_word' id='word_1_337' title='bbox 1733 2639 1944 2680; x_wconf 87' lang='lat' dir='ltr'>episcopus,</span> 
     </span>
     <span class='ocr_line' id='line_1_39' title="bbox 324 2692 1943 2735; baseline -0.002 -5"><span class='ocrx_word' id='word_1_338' title='bbox 324 2706 453 2730; x_wconf 86' lang='lat' dir='ltr'>servus</span> <span class='ocrx_word' id='word_1_339' title='bbox 481 2706 674 2730; x_wconf 89' lang='lat' dir='ltr'>servorum</span> <span class='ocrx_word' id='word_1_340' title='bbox 705 2696 786 2735; x_wconf 93' lang='lat' dir='ltr'>Dei,</span> <span class='ocrx_word' id='word_1_341' title='bbox 813 2692 956 2728; x_wconf 75' lang='lat' dir='ltr'>&#39;dilecto</span> <span class='ocrx_word' id='word_1_342' title='bbox 988 2694 1066 2727; x_wconf 87' lang='lat' dir='ltr'>filio</span> <span class='ocrx_word' id='word_1_343' title='bbox 1099 2695 1299 2727; x_wconf 89' lang='lat' dir='ltr'>Francisco</span> <span class='ocrx_word' id='word_1_344' title='bbox 1334 2704 1405 2727; x_wconf 87' lang='lat' dir='ltr'>van</span> <span class='ocrx_word' id='word_1_345' title='bbox 1437 2695 1504 2727; x_wconf 88' lang='lat' dir='ltr'>der</span> <span class='ocrx_word' id='word_1_346' title='bbox 1535 2693 1658 2732; x_wconf 84' lang='lat' dir='ltr'>Hulst‚</span> <span class='ocrx_word' id='word_1_347' title='bbox 1692 2694 1750 2726; x_wconf 88' lang='lat' dir='ltr'>etc</span> <span class='ocrx_word' id='word_1_348' title='bbox 1755 2717 1943 2727; x_wconf 87' lang='lat'><strong>......</strong></span> 
     </span>
     <span class='ocr_line' id='line_1_40' title="bbox 325 2747 1943 2793; baseline -0.004 -8"><span class='ocrx_word' id='word_1_349' title='bbox 325 2752 460 2784; x_wconf 85' lang='lat' dir='ltr'>Datum</span> <span class='ocrx_word' id='word_1_350' title='bbox 476 2752 609 2790; x_wconf 86' lang='lat' dir='ltr'>Rome,</span> <span class='ocrx_word' id='word_1_351' title='bbox 629 2751 725 2793; x_wconf 86' lang='lat' dir='ltr'>apud</span> <span class='ocrx_word' id='word_1_352' title='bbox 743 2752 910 2783; x_wconf 78' lang='lat' dir='ltr'>sanctuni</span> <span class='ocrx_word' id='word_1_353' title='bbox 935 2750 1102 2788; x_wconf 88' lang='lat' dir='ltr'>Petrum,</span> <span class='ocrx_word' id='word_1_354' title='bbox 1128 2759 1224 2782; x_wconf 88' lang='lat' dir='ltr'>anno</span> <span class='ocrx_word' id='word_1_355' title='bbox 1241 2749 1510 2782; x_wconf 89' lang='lat' dir='ltr'>incarnationis</span> <span class='ocrx_word' id='word_1_356' title='bbox 1527 2748 1722 2781; x_wconf 87' lang='lat' dir='ltr'>Dominice</span> <span class='ocrx_word' id='word_1_357' title='bbox 1744 2747 1943 2780; x_wconf 89' lang='lat' dir='ltr'>millesimo</span> 
     </span>
     <span class='ocr_line' id='line_1_41' title="bbox 325 2802 1942 2849; baseline -0.002 -12"><span class='ocrx_word' id='word_1_358' title='bbox 325 2807 624 2849; x_wconf 85' lang='lat' dir='ltr'>quingentesimo</span> <span class='ocrx_word' id='word_1_359' title='bbox 649 2806 826 2838; x_wconf 77' lang='lat' dir='ltr'>vicesimo</span> <span class='ocrx_word' id='word_1_360' title='bbox 844 2805 956 2837; x_wconf 86' lang='lat' dir='ltr'>tertio</span> <span class='ocrx_word' id='word_1_361' title='bbox 974 2805 1023 2836; x_wconf 88' lang='lat' dir='ltr'>id.</span> <span class='ocrx_word' id='word_1_362' title='bbox 1044 2805 1083 2845; x_wconf 70' lang='lat'>(2)</span> <span class='ocrx_word' id='word_1_363' title='bbox 1106 2804 1222 2845; x_wconf 79' lang='lat' dir='ltr'>Junij,</span> <span class='ocrx_word' id='word_1_364' title='bbox 1248 2804 1488 2845; x_wconf 86' lang='lat' dir='ltr'>pontificatus</span> <span class='ocrx_word' id='word_1_365' title='bbox 1506 2803 1625 2835; x_wconf 83' lang='lat' dir='ltr'>nostri</span> <span class='ocrx_word' id='word_1_366' title='bbox 1647 2812 1742 2835; x_wconf 88' lang='lat' dir='ltr'>anno</span> <span class='ocrx_word' id='word_1_367' title='bbox 1766 2802 1888 2843; x_wconf 90' lang='lat' dir='ltr'>primo</span> <span class='ocrx_word' id='word_1_368' title='bbox 1907 2811 1942 2843; x_wconf 70' lang='grc' dir='ltr'>ης</span> 
     </span>
     <span class='ocr_line' id='line_1_42' title="bbox 322 2856 1944 2901; baseline -0.002 -8"><span class='ocrx_word' id='word_1_369' title='bbox 322 2861 362 2893; x_wconf 90' lang='lat' dir='ltr'>in</span> <span class='ocrx_word' id='word_1_370' title='bbox 391 2870 547 2901; x_wconf 85' lang='lat' dir='ltr'>quorum</span> <span class='ocrx_word' id='word_1_371' title='bbox 574 2860 741 2899; x_wconf 86' lang='lat' dir='ltr'>visionis,</span> <span class='ocrx_word' id='word_1_372' title='bbox 770 2859 1015 2901; x_wconf 88' lang='lat' dir='ltr'>inspectionis</span> <span class='ocrx_word' id='word_1_373' title='bbox 1047 2868 1089 2891; x_wconf 82' lang='lat' dir='ltr'>ac</span> <span class='ocrx_word' id='word_1_374' title='bbox 1120 2858 1426 2896; x_wconf 85' lang='lat' dir='ltr'>manutentionis,</span> <span class='ocrx_word' id='word_1_375' title='bbox 1452 2857 1679 2898; x_wconf 87' lang='lat' dir='ltr'>palpationis</span> <span class='ocrx_word' id='word_1_376' title='bbox 1707 2858 1746 2889; x_wconf 89' lang='lat' dir='ltr'>et</span> <span class='ocrx_word' id='word_1_377' title='bbox 1771 2856 1944 2889; x_wconf 80' lang='lat' dir='ltr'>lectionis</span> 
     </span>
     <span class='ocr_line' id='line_1_43' title="bbox 324 2910 1942 2955; baseline -0.003 -7"><span class='ocrx_word' id='word_1_378' title='bbox 324 2916 436 2948; x_wconf 86' lang='lat' dir='ltr'>fidem</span> <span class='ocrx_word' id='word_1_379' title='bbox 467 2917 504 2948; x_wconf 88' lang='lat' dir='ltr'>et</span> <span class='ocrx_word' id='word_1_380' title='bbox 535 2915 790 2948; x_wconf 89' lang='lat' dir='ltr'>testimonium</span> <span class='ocrx_word' id='word_1_381' title='bbox 821 2914 1102 2955; x_wconf 89' lang='lat' dir='ltr'>premissorum,</span> <span class='ocrx_word' id='word_1_382' title='bbox 1136 2914 1223 2954; x_wconf 83' lang='lat' dir='ltr'>quia</span> <span class='ocrx_word' id='word_1_383' title='bbox 1253 2922 1321 2954; x_wconf 82' lang='lat' dir='ltr'>per</span> <span class='ocrx_word' id='word_1_384' title='bbox 1351 2913 1511 2944; x_wconf 89' lang='lat' dir='ltr'>insertas</span> <span class='ocrx_word' id='word_1_385' title='bbox 1542 2911 1688 2944; x_wconf 85' lang='lat' dir='ltr'>litteras</span> <span class='ocrx_word' id='word_1_386' title='bbox 1719 2910 1942 2952; x_wconf 86' lang='lat' dir='ltr'>apostolicas</span> 
     </span>
     <span class='ocr_line' id='line_1_44' title="bbox 324 2965 1802 3012; baseline -0.003 -9"><span class='ocrx_word' id='word_1_387' title='bbox 324 2979 398 3003; x_wconf 88' lang='lat' dir='ltr'>una</span> <span class='ocrx_word' id='word_1_388' title='bbox 415 2980 497 3003; x_wconf 87' lang='lat' dir='ltr'>cum</span> <span class='ocrx_word' id='word_1_389' title='bbox 514 2971 590 3003; x_wconf 92' lang='lat' dir='ltr'>suis</span> <span class='ocrx_word' id='word_1_390' title='bbox 607 2969 854 3012; x_wconf 80' lang='lat' dir='ltr'>originalibus</span> <span class='ocrx_word' id='word_1_391' title='bbox 872 2969 1101 3001; x_wconf 86' lang='lat' dir='ltr'>concordare</span> <span class='ocrx_word' id='word_1_392' title='bbox 1117 2968 1328 3001; x_wconf 84' lang='lat' dir='ltr'>invenimus</span> <span class='ocrx_word' id='word_1_393' title='bbox 1346 2968 1384 3000; x_wconf 89' lang='lat' dir='ltr'>et</span> <span class='ocrx_word' id='word_1_394' title='bbox 1400 2967 1438 2999; x_wconf 87' lang='lat' dir='ltr'>in</span> <span class='ocrx_word' id='word_1_395' title='bbox 1456 2965 1559 2999; x_wconf 91' lang='lat' dir='ltr'>nullo</span> <span class='ocrx_word' id='word_1_396' title='bbox 1577 2966 1802 3009; x_wconf 83' lang='lat' dir='ltr'>discrepare.</span> 
     </span>
    </p>
   </div>
  </div>
 </body>
</html>
