2096 3481
828 275 966 311 ANNO
994 277 1075 311 1524
1721 279 1786 313 ‘297

146 387 291 430 zooals
314 400 412 430 men
434 386 511 430 het
545 386 697 443 gezien
721 387 840 430 heeft
863 389 908 430 te
932 388 1128 440 Brussel‚
1166 391 1254 432 met
1288 388 1339 431 de
1379 388 1674 446 verbranding
1707 388 1785 433 der

145 458 259 499 twee
283 456 595 513 Augustijnen.
623 457 681 499 De
713 456 1004 513 verbittering
1027 457 1062 500 is
1084 457 1313 514 dreigend;
1352 462 1438 502 met
1460 459 1784 516 zachtmoedig-

145 523 243 567 heid
267 525 302 567 is
322 524 516 568 wellicht
539 525 620 568 iets
646 530 687 567 te
709 525 937 568 bekomen.

187 617 409 656 Lutherum,
429 618 733 659 quandoquidem
762 618 868 660 prior
896 619 941 651 ad
971 627 1028 650 me
1055 618 1272 659 scripserat,
1304 618 1398 651 elam
1423 620 1612 657 admonui,
1641 622 1681 653 ut
1704 631 1784 654 rem

143 672 290 706 sincero
315 674 469 715 gereret
497 674 621 706 animo
651 682 769 715 eaque
788 674 1047 706 moderatione
1078 683 1173 714 quae
1192 674 1343 707 deceret
1373 674 1572 716 Euangelii
1599 677 1786 716 professo-

143 736 236 761 rem.
250 728 329 761 Nec
347 728 518 761 Caesaris
536 729 682 761 animus
697 728 817 761 adhuc
836 729 1041 761 abhorrere
1060 729 1258 761 videbatur
1275 738 1296 761 a
1313 728 1470 762 Lutheri
1486 730 1669 763 doctrina.
1689 731 1784 764 Tan-

143 783 222 816 tum
249 783 424 816 monaehi
453 783 605 824 quidam
630 784 667 816 et
691 785 941 816 commissarii
963 784 1281 822 vociferabantur,
1302 793 1461 824 quorum
1490 786 1662 825 quaestui
1687 787 1786 820 vide-

142 837 254 871 batur
271 837 413 879 aliquid
431 839 626 872 decedere.
658 838 802 871 Horum
832 839 974 872 insanis
1005 838 1228 872 tumultibus
1245 839 1483 881 potissimum
1510 840 1683 874 effectum
1714 843 1783 882 est,

142 895 183 927 ut
197 903 243 927 ex
260 902 376 935 parva
393 893 559 926 scintilla
576 895 720 927 tantum
739 896 914 937 surgeret
931 895 1191 927 incendium...

186 949 295 982 Nunc
321 957 552 992 magnopere
575 958 722 988 vereor,
743 959 789 982 ne
814 949 1035 992 vulgaribus
1062 949 1143 982 istis
1169 949 1348 982 remediis
1377 948 1462 992 (hoc
1487 951 1545 983 est
1568 950 1782 993 palinodiis,

142 1005 358 1039 carceribus
390 1005 429 1037 et
461 1004 661 1046 incendiis)
693 1004 833 1038 malum
868 1004 962 1037 nihil
999 1004 1101 1037 aliud
1134 1014 1245 1046 quam
1287 1006 1549 1046 exasperetur.
1581 1006 1785 1042 Bruxellae

141 1061 307 1103 primum
323 1059 448 1093 exusti
472 1061 559 1092 sunt
576 1060 648 1092 duo
665 1069 673 1093 :
693 1061 771 1093 tum
790 1060 939 1093 demum
967 1060 1092 1102 coepit
1120 1060 1251 1093 civitas
1279 1061 1407 1094 favere
1430 1060 1611 1095 Luthero.
1638 1062 1677 1095 Si
1704 1063 1786 1097 lues

146 1115 240 1149 haec
257 1115 487 1148 dimanasset
502 1115 549 1148 ad
564 1125 716 1157 paucos,
735 1117 863 1157 posset
880 1117 1070 1157 utcunque
1095 1116 1303 1157 amputari3
1323 1125 1421 1148 nunc
1446 1117 1539 1150 adeo
1568 1117 1644 1151 late
1660 1127 1788 1160 perva-

145 1172 236 1215 gata
266 1171 334 1209 est,
368 1172 409 1203 ut
439 1170 532 1212 ipsis
565 1171 678 1203 etiam
710 1171 925 1204 monarchis
959 1171 1172 1203 existimem
1204 1172 1460 1204 metuendum.
1495 1172 1580 1205 Non
1615 1173 1710 1206 haec
1741 1183 1785 1208 eo

146 1227 329 1269 spectant,
348 1227 390 1258 ut
415 1235 588 1259 censeam
604 1226 675 1258 hoc
692 1226 832 1259 malum
851 1235 933 1259 esse
951 1225 1234 1269 negligendum,
1255 1227 1319 1259 sed
1338 1227 1378 1259 ut
1396 1227 1549 1260 doceam
1566 1228 1785 1272 vulgaribus

143 1282 323 1315 remediis
351 1290 426 1314 non
455 1290 537 1314 esse
556 1282 868 1323 exasperandum.
892 1281 1010 1320 Quem
1034 1282 1160 1314 movet
1187 1280 1253 1314 illa
1275 1281 1470 1323 palinodia
1492 1283 1658 1316 incendii
1683 1286 1785 1318 metu

145 1338 319 1371 extorta?
336 1337 482 1370 Deinde
500 1346 596 1369 unus
616 1339 680 1369 aut
697 1337 794 1370 alter
811 1337 966 1370 affectus
985 1336 1183 1378 supplicio,
1211 1337 1301 1378 quid
1319 1337 1420 1370 aliud
1439 1347 1549 1379 quam
1567 1339 1693 1372 irritat
1710 1341 1786 1373 tam

143 1401 367 1427 numerosae
398 1392 573 1425 factionis
606 1392 776 1425 animos?
807 1393 901 1434 Age,
936 1392 1122 1434 fingamus
1162 1391 1220 1424 his
1257 1386 1436 1426 remediis
1473 1394 1635 1435 opprimi
1674 1405 1785 1436 posse

143 1448 296 1487 malum,
327 1448 417 1489 quid
447 1448 567 1480 refert
599 1447 761 1489 opprimi
793 1457 880 1480 mox
920 1446 1181 1480 vehementius
1220 1447 1564 1489 repullulaturum?
1600 1450 1655 1482 Ac
1692 1450 1785 1484 mihi

144 1504 297 1546 quidem
329 1502 512 1536 nonnulla
542 1511 627 1544 spes
656 1503 756 1535 esset
782 1502 981 1544 pontifices
1011 1511 1054 1535 ae
1085 1503 1277 1544 principes
1308 1503 1353 1535 ad
1383 1512 1521 1545 aequas
1550 1505 1786 1539 conditiones

143 1559 244 1593 flecti
260 1567 384 1601 posse,
404 1558 435 1591 si
452 1558 665 1590 remitteret
688 1558 860 1590 fortassis
878 1556 1050 1590 nonnihil
1072 1559 1110 1590 et
1128 1557 1337 1599 Lutherus3
1357 1567 1487 1591 verum
1505 1558 1566 1592 liic
1584 1558 1786 1605 [Basileac]

143 1613 381 1649 Lutheranos
410 1613 592 1655 quosdam
626 1613 748 1652 video,
779 1613 825 1646 de
852 1613 989 1654 quibus
1023 1612 1116 1645 mihi
1147 1612 1251 1645 nulla
1281 1622 1367 1655 spes
1396 1615 1454 1646 est
1481 1615 1611 1656 aequis
1637 1615 1787 1658 legibus

151 1669 441 1704 auscultaturos.
461 1668 607 1710 Itaque,
635 1668 734 1710 quod
759 1669 944 1710 superest,
971 1677 1066 1710 pura
1087 1669 1319 1701 conscientia
1345 1678 1462 1702 venor
1487 1671 1736 1710 occasionem,
1755 1672 1787 1704 si

143 1735 278 1767 queam
307 1724 449 1766 aliquid
478 1724 628 1757 adferre
656 1724 838 1756 momenti
868 1724 913 1756 ad
941 1723 1177 1756 sarciendam
1203 1724 1393 1765 publicam
1410 1726 1674 1768 eoncordiam3
1701 1727 1739 1760 et
1755 1728 1787 1760 si

143 1791 216 1814 non
234 1780 324 1814 licet
342 1781 536 1822 praestare
555 1780 654 1820 quod
672 1779 854 1821 optimum
872 1780 940 1818 est,
959 1780 1063 1812 certe
1081 1779 1181 1820 quod
1198 1780 1382 1821 optimum
1408 1782 1466 1813 est
1486 1791 1560 1813 non
1579 1781 1785 1815 desinimus

142 1836 304 1870 assiduis
321 1844 342 1869 a
361 1835 512 1869 Christo
530 1835 626 1867 votis
644 1834 830 1877 flagitare.

493 1899 685 1937 Erasmus,
715 1898 833 1942 Opera
859 1899 995 1937 omnia,
1024 1898 1106 1932 deel
1138 1898 1207 1937 III,
1233 1908 1321 1940 pars
1338 1899 1367 1938 Ι,
1394 1899 1463 1932 blz.
1490 1899 1556 1933 837
1573 1910 1619 1934 en
1644 1901 1721 1936 839.
1746 1921 1789 1927 —

536 1954 579 1987 In
612 1963 731 1986 eenen
762 1954 863 1986 brief
893 1954 963 1995 (uit
995 1953 1118 1993 Bazel,
1150 1955 1222 1987 den
1255 1954 1295 1986 15
1326 1954 1417 1987 Juni
1437 1955 1523 1988 1525
1553 1965 1622 1989 aan
1641 1957 1786 1990 Natalis

538 2009 681 2049 Bedda)
716 2008 866 2042 schreef
897 2009 1077 2042 Erasmus
1104 2019 1111 2042 :
1141 2023 1156 2036 u
1186 2010 1242 2043 Ab
1276 2009 1522 2043 articulorum
1551 2013 1734 2051 censuris,
1766 2022 1788 2046 a

539 2064 767 2097 elamoribus
793 2065 944 2097 ventum
974 2067 1031 2097 est
1056 2065 1100 2097 ad
1124 2064 1259 2104 bullas,
1278 2066 1432 2098 ventum
1457 2067 1514 2099 est
1542 2067 1588 2099 ad
1612 2067 1788 2102 incendia

539 2119 736 2158 librorum,
767 2120 918 2152 tandem
953 2120 998 2152 ad
1032 2121 1248 2153 exustiones
1274 2120 1482 2153 hominum.
1510 2121 1669 2162 Quaeso,
1697 2124 1786 2164 quid

535 2175 747 2217 profectum
766 2176 845 2208 est?
865 2190 879 2203 n
899 2175 1022 2216 (Ibid.,
1043 2175 1111 2208 blz.
1130 2175 1218 2215 869).
1237 2194 1281 2199 —
1296 2176 1359 2208 Zie
1378 2176 1453 2209 ook
1470 2176 1677 2211 hierboven
1695 2188 1786 2213 onze

536 2230 697 2264 stukken
716 2236 755 2263 n1·
771 2230 846 2269 233,
866 2229 936 2263 blz.
955 2230 1020 2263 289
1038 2240 1084 2264 en
1103 2237 1142 2263 n1'
1157 2230 1236 2272 239,
1250 2230 1320 2263 blz.
1342 2230 1419 2263 294.

902 2368 1022 2411 243.

213 2505 351 2550 1524,
376 2499 629 2542 December
655 2504 730 2551 ⁶21,
760 2500 998 2555 Kampen.
1028 2497 1157 2540 Bevel
1181 2511 1266 2541 van
1302 2498 1385 2542 den
1410 2499 1669 2556 magistraat
1701 2513 1786 2544 van

140 2573 339 2629 Kampen
363 2584 432 2614 om
464 2571 548 2614 alle
573 2571 843 2614 Luthersche
877 2570 1042 2614 boeken
1068 2570 1108 2613 in
1135 2571 1186 2614 de
1211 2572 1387 2616 handen
1411 2573 1489 2616 der
1507 2573 1786 2631 burgemees-

140 2643 231 2685 ters
264 2644 308 2684 te
331 2641 527 2684 leveren.
553 2665 606 2671 —
632 2641 854 2697 Degenen,
891 2639 959 2683 die
982 2641 1124 2684 hierin
1149 2641 1316 2685 zouden
1349 2645 1392 2686 te
1424 2642 1527 2686 kort
1567 2643 1781 2697 schieten‚

137 2710 282 2754 zullen
305 2723 413 2753 eene
436 2709 538 2753 boet
561 2723 650 2753 van
670 2710 842 2765 tachtig
866 2709 981 2766 pond
1001 2708 1195 2754 betalen.

700 2803 751 2847 Op
777 2801 874 2837 dach
905 2801 1041 2837 Thome
1064 2804 1237 2848 apostoli.

182 2871 375 2913 Scepenen
404 2870 499 2904 ende
528 2870 636 2902 racdt
664 2869 854 2912 gebiedcn
884 2869 983 2902 allen
1013 2870 1200 2913 borgeren
1232 2871 1328 2904 ende
1357 2871 1614 2911 inwoeneren,
1647 2874 1710 2907 dat
1743 2876 1786 2917 sij

144 2926 321 2959 tussehen
349 2926 404 2958 dit
431 2926 527 2959 ende
555 2934 601 2958 en
620 2925 842 2967 Kersdaege
861 2925 1166 2958 naistcoemende
1192 2927 1229 2958 in
1255 2926 1404 2960 handen
1431 2927 1498 2960 der
1519 2927 1784 2972 burgcrmeys-

140 2983 252 3016 teren
280 2981 449 3026 brengen
478 2979 598 3014 sullen
629 2979 702 3015 alle
731 2980 867 3014 Luters
896 2980 1078 3020 boeckcn,
1109 2981 1169 3015 die
1200 2981 1344 3025 Luyter
1368 2982 1457 3016 offte
1483 2985 1612 3026 ymant
1648 2985 1786 3020 anders
