2096 3481
325 257 384 289 158
1005 252 1142 287 ANNO
1168 252 1250 286 1522

320 365 568 415 monniken‚
596 363 678 406 had
701 363 752 420 zij
778 362 877 405 hem
900 363 943 404 in
966 362 1018 405 de
1045 360 1427 418 St-Michielsabdij
1453 360 1571 404 laten
1599 374 1828 418 gevangen
1850 364 1939 407 zet-

320 439 392 476 ten
417 447 485 475 om
509 433 605 475 hem
631 433 661 475 ’s
685 431 840 475 nachts
863 444 970 474 naar
993 431 1169 474 Brussel
1195 435 1238 474 te
1261 443 1437 473 voeren.
1465 429 1589 473 Maar
1611 443 1691 473 een
1709 443 1940 474 vrouwen-

321 515 474 557 oproer
510 501 730 557 bevrijdde
768 500 882 543 hem.
924 499 1021 541 Drie
1065 500 1202 555 dagen
1240 499 1357 541 bleef
1383 498 1441 554 hij
1477 501 1521 541 te
1560 500 1843 554 Antwerpen,
1879 498 1937 556 bij

321 570 527 613 vrienden
560 570 654 612 zich
679 568 1022 612 verschuilende.
1070 569 1241 611 Daarna
1263 567 1429 610 besloot
1466 567 1524 625 hij
1553 581 1657 609 over
1677 567 1864 611 Holland
1886 581 1939 610 en

321 639 567 683 Westfalen
593 651 700 680 naar
738 636 1021 693 Wittenberg
1043 640 1087 680 te
1119 637 1342 680 vluchten.
1368 636 1483 679 Over
1519 636 1791 687 Enkhuizen,
1837 638 1941 680 Am-

319 708 507 751 sterdam
532 721 583 749 en
608 706 806 762 Zutphen
846 706 986 748 reisde
1008 705 1087 762 hij,
1114 706 1204 749 niet
1228 705 1388 748 zonder
1410 708 1562 761 groote
1585 704 1936 762 moeilijkheden.

319 777 452 819 Alzoo
489 777 632 818 kwam
656 775 714 831 hij
740 779 784 818 te
822 777 1005 818 Bremen
1050 788 1148 825 aan,
1190 788 1312 817 waar
1348 775 1406 831 hij
1451 774 1660 817 verzocht
1697 774 1815 815 werd
1864 773 1942 817 het

318 845 553 900 Evangelie
595 847 639 887 te
677 843 886 899 prediken
924 857 977 886 en
1020 843 1190 886 nieuwe
1243 843 1574 899 moeilijkheden
1633 855 1846 898 vanwege
1887 842 1940 885 de

320 914 522 956 overheid
562 927 614 955 en
638 913 690 955 de
713 911 1044 968 geestelijkheid
1081 911 1348 954 ondervond.
1375 911 1450 954 Uit
1489 912 1757 967 Antwerpen
1792 911 1828 954 is
1860 923 1940 953 een

319 981 472 1025 zekere
505 995 686 1037 persoon
722 981 1037 1036 aangekomen‚
1094 980 1161 1023 die
1198 980 1372 1032 vertelt,
1420 980 1494 1023 dat
1536 980 1586 1022 de
1629 979 1940 1035 Landvoogdes

320 1050 424 1093 door
446 1050 515 1093 die
537 1064 620 1093 van
645 1050 829 1092 Holland
854 1063 906 1092 en
941 1050 1134 1094 Brabant
1155 1048 1211 1105 bij
1247 1049 1327 1091 den
1354 1049 1509 1091 Keizer
1539 1062 1606 1090 om
1644 1049 1750 1091 hare
1772 1047 1941 1090 wreed-

320 1119 418 1161 heid
441 1133 492 1162 en
513 1118 828 1174 schraapzucht
849 1132 928 1161 zou
960 1117 1264 1173 aangeklaagd
1286 1117 1373 1174 zijn
1396 1117 1654 1172 geworden3
1681 1117 1763 1159 ook
1793 1116 1868 1159 dat
1888 1116 1941 1159 de

321 1188 640 1243 Antwerpsche
682 1187 961 1243 augustijnen
1005 1190 1048 1229 te
1092 1186 1327 1230 Vilvoorde
1358 1186 1401 1228 in
1435 1186 1517 1229 den
1550 1186 1713 1228 kerker
1744 1185 1940 1241 gesloten

320 1260 513 1310 werden,
539 1272 748 1302 waarvan
773 1273 852 1301 een
877 1258 970 1302 deel
995 1272 1102 1301 naar
1121 1257 1363 1300 Dordrecht
1387 1257 1562 1300 werden
1586 1257 1824 1313 gezonden,
1862 1269 1941 1299 een

318 1327 411 1370 deel
436 1341 487 1383 op
506 1328 615 1384 vrije
647 1330 802 1370 voeten
838 1327 1024 1382 gesteld,
1052 1327 1193 1370 welke
1222 1327 1412 1370 laatsten
1447 1340 1499 1382 op
1537 1340 1636 1382 weg
1673 1326 1837 1369 zouden
1856 1326 1941 1382 zijn

319 1409 428 1439 naar
446 1395 745 1452 Wittenberg.
773 1397 830 1437 De
868 1397 1059 1438 anderen
1094 1395 1340 1451 weigerden
1365 1398 1409 1438 te
1451 1395 1733 1446 vertrekken,
1760 1393 1944 1437 voordat

319 1478 415 1508 men
439 1465 528 1507 hun
552 1479 714 1521 zeggen
739 1479 836 1517 zou,
866 1479 1054 1508 waarom
1077 1465 1129 1521 zij
1156 1465 1219 1507 als
1252 1464 1463 1519 ellendige
1488 1464 1769 1519 misdadigers
1791 1476 1940 1506 waren

319 1534 559 1577 behandeld
587 1533 838 1590 geworden.

614 1637 784 1670 Christus
808 1637 910 1675 vivit,
938 1636 1108 1670 Christus
1132 1636 1258 1676 vincit,
1285 1636 1455 1669 Christus
1479 1636 1651 1678 imperat.

363 1714 681 1753 Quemadmodum
692 1715 937 1755 Antverpiam
964 1714 1133 1752 emerim,
1158 1714 1234 1755 jam
1249 1713 1338 1746 olim
1367 1714 1535 1752 audistis,
1554 1712 1788 1746 venerabiles
1806 1714 1843 1746 et
1858 1712 1943 1746 cha-

317 1772 457 1804 rissimi
470 1773 607 1813 patres,
627 1770 774 1803 Invenit
788 1771 888 1803 enim
905 1770 1126 1811 impiissima
1142 1769 1299 1808 IesabeL
1320 1770 1477 1802 avaritia
1492 1769 1700 1807 tabescens,
1721 1778 1809 1801 suos
1825 1768 1941 1801 falsos

317 1828 443 1864 testes,
474 1826 571 1857 filios
603 1826 736 1864 Belial,
765 1826 828 1866 qui
846 1825 1033 1863 dixerunt,
1063 1834 1102 1858 se
1131 1825 1280 1857 audisse
1305 1825 1350 1857 de
1375 1833 1440 1857 ore
1467 1833 1550 1856 meo
1567 1824 1682 1857 verba
1711 1823 1881 1857 heretica
1903 1825 1942 1857 et

316 1882 462 1922 piarum
480 1881 625 1913 aurium
643 1881 833 1919 offensiva‚
864 1880 960 1912 unde
986 1880 1219 1912 occasionem
1237 1888 1398 1920 querens
1412 1880 1543 1911 contra
1546 1902 1613 1912 .....
1646 1879 1800 1920 (quippe
1817 1878 1943 1911 nolue-

317 1938 405 1968 runt
422 1935 522 1967 illius
551 1936 745 1968 avaritiam
774 1934 940 1976 explere)
958 1935 1182 1967 moliebatur
1199 1935 1237 1966 in
1256 1935 1480 1967 seditionem
1499 1935 1645 1966 vertere
1670 1934 1872 1972 civitatem,
1902 1934 1942 1965 ut

319 1991 528 2029 sicliceret‚
549 1991 726 2031 quantuni
750 1990 930 2022 voluisset
956 1990 1038 2022 auri
1070 1999 1137 2030 pro
1170 1990 1365 2030 punitione
1394 1990 1633 2029 extorquere,
1665 1989 1730 2021 sed
1753 1988 1944 2029 praecavit

319 2047 444 2078 omnia
457 2046 568 2083 Deus,
599 2054 644 2077 nc
662 2045 750 2086 quid
768 2046 944 2086 ageretur
962 2054 983 2076 a
999 2045 1140 2076 civibus
1154 2044 1420 2076 tumultuosius
1446 2053 1556 2084 quarn
1579 2043 1813 2084 prudentius,
1833 2051 1943 2083 quan-

318 2101 513 2140 tiscunque
527 2099 714 2132 violentiis
732 2100 777 2132 ad
794 2099 865 2131 hoc
877 2100 1099 2140 provocatis.
1110 2100 1279 2131 Primum
1297 2099 1396 2131 enim
1410 2108 1431 2130 a
1447 2098 1639 2130 monachis
1657 2099 1694 2130 et
1705 2097 1808 2130 Belis
1825 2106 1944 2130 sacer-

319 2156 467 2187 dotibus
484 2155 635 2187 inducta
647 2164 706 2187 mc
723 2154 990 2195 comprehendi
1006 2154 1108 2192 fecit,
1136 2154 1218 2195 ipso
1236 2154 1295 2186 die
1313 2154 1431 2186 sancti
1445 2152 1653 2191 Michaelis,
1673 2162 1719 2185 ex
1740 2162 1812 2193 quo
1830 2153 1941 2184 noctu

318 2210 463 2242 fueram
481 2210 695 2242 educendus
723 2211 761 2242 et
777 2208 975 2241 Bruxellas
1003 2209 1241 2241 deducendus
1266 2210 1366 2250 (nam
1392 2209 1469 2249 jam
1497 2208 1567 2240 hoc
1596 2208 1780 2240 arrestato
1813 2208 1851 2239 et
1873 2215 1942 2248 per

320 2265 541 2306 magistrum
559 2262 828 2306 Fra[nciscum]
844 2264 891 2305 (1)
920 2264 965 2295 de
990 2262 1102 2295 Hulst
1118 2272 1268 2295 carcere
1284 2262 1500 2304 preparato)
1533 2262 1597 2295 sed
1622 2262 1720 2302 quod
1744 2261 1942 2294 consilium

320 2328 391 2359 que
408 2319 554 2357 faciam,
574 2320 744 2350 contra...
768 2343 774 2350 .
794 2327 963 2360 vespere,
981 2318 1068 2350 dum
1093 2318 1147 2350 sol
1173 2318 1419 2357 occubuisset,
1449 2317 1669 2358 irruperunt
1693 2317 1730 2348 in
1758 2317 1942 2348 monaste·

319 2374 429 2412 rium,
449 2383 520 2414 quo
547 2373 752 2411 detinebar,
773 2372 915 2414 aliquot
942 2372 1142 2405 mulierum
1173 2372 1292 2405 millia
1308 2371 1617 2405 concurrentibus
1635 2370 1745 2403 simul
1772 2371 1875 2410 viris,
1904 2371 1943 2403 et

318 2428 440 2469 ruptis
457 2428 601 2460 foribus
615 2429 789 2461 eductum
806 2437 865 2459 me
882 2428 1131 2460 restituerunt
1142 2427 1324 2460 fratribus
1341 2427 1446 2465 meis,
1465 2436 1549 2458 cum
1566 2426 1700 2467 quibus
1717 2425 1779 2468 egi
1796 2426 1939 2466 tridu03

320 2484 385 2515 sed
413 2483 588 2523 quoniam
621 2483 742 2515 denuo
771 2491 793 2514 a
819 2482 999 2514 fratribus
1017 2484 1198 2522 sequente
1223 2481 1512 2524 diligentissimo
1538 2481 1719 2513 scrutinio
1737 2480 1796 2513 sui
1818 2480 1942 2521 requi-

320 2538 424 2576 situs,
441 2540 478 2570 et
502 2546 631 2570 omnes
647 2538 784 2569 fratres
824 2536 999 2570 similiter
1030 2537 1204 2576 adiurati,
1224 2538 1265 2569 ut
1291 2546 1350 2569 me
1377 2537 1593 2578 proderent,
1620 2535 1651 2568 si
1679 2535 1743 2576 qui
1769 2535 1939 2573 scissent,

320 2601 392 2632 quo
426 2591 508 2624 loco
551 2601 672 2625 essem
704 2592 956 2630 absconditus,
983 2592 1173 2633 (sedebam
1206 2592 1306 2625 enim
1345 2600 1432 2624 casu
1470 2591 1509 2623 in
1544 2591 1653 2623 domo
1685 2588 1941 2631 arrtmaes)(2)

321 2655 394 2678 non
426 2646 614 2680 audebant
643 2655 703 2679 me
742 2647 878 2679 fratres
917 2655 1044 2679 secum
1081 2647 1260 2685 retinere,
1300 2645 1586 2679 exhortantibus
1620 2653 1711 2687 ergo
1745 2644 1938 2683 fratribus,

320 2700 537 2733 christianis
555 2701 693 2743 scripte
712 2702 798 2733 sunt
815 2701 956 2733 amicis.

364 2755 642 2798 Wittebergam
659 2756 741 2797 cepi
759 2756 862 2788 adire
880 2764 948 2796 per
965 2755 1205 2788 Hollandiam
1222 2756 1260 2788 et
1275 2755 1548 2798 Westphaliam
1564 2755 1701 2787 fratres
1725 2752 1939 2795 salutand03

364 2865 412 2906 (1)
428 2866 479 2898 Er
506 2868 603 2899 staat
627 2868 795 2912 fratrem,
828 2870 904 2902 wat
928 2868 1184 2911 ongetwijfeld
1212 2877 1304 2901 eene
1328 2868 1535 2901 verkeerde
1558 2867 1682 2910 lezing
1712 2868 1742 2900 is
1770 2876 1840 2900 van
1863 2866 1938 2910 fra,

318 2918 554 2961 franciscum.

365 2976 412 3016 (2)
437 2975 478 3008 In
497 2975 605 3010 domo
620 2982 803 3010 arrtmaes
819 2977 1021 3011 beteekent
1037 2977 1203 3011 wellicht
1217 2978 1258 3011 in
1274 2976 1333 3011 het
1348 2976 1433 3011 huis
1448 2988 1521 3011 van
1540 2978 1649 3012 Arent
1666 2979 1797 3013 Maes?
