2096 3481
746 214 882 248 ANNO
909 215 992 247 1525
1619 211 1682 243 433

105 324 322 358 Wordenas.
349 323 486 357 Mirum
511 332 600 356 vero
626 331 691 355 vos
716 322 826 354 istam
851 319 1096 353 commentari
1121 319 1396 360 exceptionem,
1414 328 1498 352 cum
1521 318 1683 360 Spiritus

54 381 204 413 sanctus
236 379 515 421 Scripturarum
547 377 684 410 author
712 377 899 409 neminem
940 375 1026 408 inde
1061 374 1236 415 excipiat,
1278 375 1356 407 sive
1393 374 1568 406 Nonnum
1604 373 1682 406 sive

53 435 238 472 Nonnam,
264 434 412 475 quando
437 433 577 466 diserte
595 433 688 465 adeo
707 431 806 464 dicat
822 430 1026 472 Apostolus
1044 438 1051 461 :
1081 443 1095 456 u
1116 429 1381 470 Unusquisque
1399 438 1504 461 suam
1525 436 1681 461 uxorem

53 489 189 523 habeat
215 490 372 531 propter
396 488 666 521 scortationem
685 502 700 514 n
722 496 729 518 :
756 486 829 518 nisi
854 485 1025 518 homines
1051 494 1124 518 non
1150 485 1225 517 sint
1250 485 1381 526 votarij
1410 484 1529 517 nostri
1558 492 1681 516 sacer-

53 544 169 582 dotes,
189 546 229 576 ut
245 544 316 577 hoc
331 542 504 585 Apostoli
524 543 666 575 dietum
684 540 777 574 nihil
797 541 842 573 ad
860 540 946 573 illos
963 540 1167 582 pertineat.

96 597 353 633 Enchusanus.
382 597 469 631 Alia
496 597 611 640 longe
639 597 697 630 est
728 596 825 628 ratio
858 605 989 629 eorum
1021 595 1084 636 qui
1116 596 1300 628 voverunt
1327 595 1540 628 castitatem
1573 602 1684 635 quam

54 653 248 687 laicorum.

104 709 322 743 Wurdenas.
342 709 441 742 Num
455 709 574 751 igitur
590 707 682 741 solis
698 706 807 740 laicis
825 707 966 749 scripta
983 707 1040 740 est
1057 706 1102 739 ad
1118 705 1333 739 Corinthios
1350 705 1532 748 epistola?

94 765 310 798 Montanus.
336 763 391 797 Ea
415 772 564 805 semper
582 762 800 804 Scripturae
825 771 931 796 mens
957 764 1014 795 est
1030 763 1090 804 (1),
1120 763 1160 796 ut
1184 762 1410 803 ubicumque
1435 760 1614 802 loquatur
1638 761 1683 794 de

53 820 218 863 coniugij
235 820 330 858 iure,
349 819 437 852 inde
454 827 604 860 semper
622 819 818 859 exemptos
835 817 927 851 velit
944 818 1172 850 sacerdotes.

104 873 321 908 lVordenas.
348 873 438 912 Quis
463 882 546 907 eam
571 873 639 906 tibi
665 872 882 914 Scripturae
907 873 1072 905 mentem
1098 871 1292 909 revelavit,
1319 881 1404 904 cum
1429 880 1611 912 nusquam
1637 871 1685 903 sit

53 929 175 964 literis
206 930 324 962 sacris
355 929 556 970 expressa?
588 927 691 961 Nihil
725 928 949 966 addendum,
984 927 1078 960 nihil
1120 927 1346 960 demendum
1386 928 1444 960 est
1482 926 1607 959 verbis
1647 927 1685 958 et

53 985 266 1027 praeceptis
295 985 377 1017 Dei.
408 983 489 1022 Qua
516 984 634 1026 igitur
666 983 910 1020 authoritate,
942 983 1016 1015 imo
1044 984 1257 1016 temeritate
1286 983 1413 1024 potius
1447 982 1592 1015 audetis
1624 981 1686 1013 hic

52 1049 122 1082 pro
152 1041 278 1073 vestra
307 1039 464 1072 libidine
492 1039 648 1081 indigne
676 1038 769 1071 adeo
801 1038 1013 1079 Scripturas
1043 1039 1244 1079 torquere?
1277 1038 1461 1079 Equidem
1495 1037 1685 1070 Christum

53 1095 173 1128 habeo
198 1087 416 1137 coniugium
439 1094 515 1126 mci
538 1093 806 1130 consultorem,
826 1094 889 1134 qui
914 1093 1005 1131 vult,
1027 1095 1067 1125 ut
1091 1094 1154 1134 qui
1179 1093 1299 1135 possit
1316 1102 1452 1135 capere
1477 1092 1685 1126 coelibatus

52 1151 220 1187 verbum,
239 1150 271 1182 is
294 1150 418 1191 capiat
432 1150 492 1191 (2).
512 1149 554 1182 Id
579 1149 610 1182 si
635 1150 846 1189 convertas,
865 1149 950 1185 erit,
972 1150 1012 1180 ut
1037 1149 1099 1189 qui
1125 1158 1260 1190 capere
1280 1150 1454 1190 nequeat,
1474 1158 1519 1181 ne
1545 1149 1681 1189 capiat.

54 1205 134 1244 Qua
165 1206 344 1238 libertate
376 1206 498 1237 fretus
530 1213 700 1241 uxorem,
740 1205 875 1242 fateor,
917 1204 1018 1242 duxi,
1051 1204 1267 1245 recogitans
1299 1204 1337 1235 id
1370 1204 1468 1245 quod
1496 1212 1557 1236 res
1589 1205 1684 1240 erat,

54 1261 228 1302 quodque
245 1270 382 1303 magno
408 1259 538 1292 labore
556 1259 670 1292 animi
688 1261 867 1300 expertus
892 1268 1008 1297 eram,
1031 1268 1104 1291 non
1131 1268 1212 1291 esse
1236 1259 1376 1291 bonum
1394 1259 1586 1291 hominem
1603 1267 1686 1291 esse

54 1315 188 1354 solum,
204 1315 275 1348 hoc
289 1317 347 1349 est
360 1324 532 1357 agamon,
553 1324 645 1356 opus
660 1314 799 1347 habere
817 1315 1005 1347 adiutorio
1023 1314 1138 1347 simili
1156 1315 1240 1356 ipsi,
1255 1315 1435 1347 nimirum
1449 1315 1610 1356 coniuge
1623 1314 1683 1356 (3).

55 1369 136 1408 Qua
151 1371 300 1403 ratione
316 1370 407 1411 quid
423 1370 549 1411 potest
565 1369 704 1402 clarius
723 1369 819 1401 dici?

99 1426 311 1459 Montanus.
347 1424 386 1457 Si
426 1425 569 1457 tantum
601 1423 796 1463 voluisses,
831 1423 942 1457 facile
975 1425 1013 1457 tu
1046 1425 1196 1466 quidem
1228 1425 1416 1467 potuisses
1447 1425 1686 1459 continenter

53 1480 194 1513 vivere.

104 1534 323 1569 Wordenas.
358 1534 528 1574 Quinam,
562 1544 714 1576 quaeso,
747 1535 854 1577 potui
881 1534 1016 1569 melius
1045 1536 1179 1569 sistere
1208 1537 1365 1570 naturae
1393 1537 1546 1576 fluxum,
1574 1546 1685 1578 quam

53 1589 299 1624 mulierculae
327 1590 602 1623 contubernio?
634 1599 744 1631 quam
773 1591 1013 1623 scortationis
1040 1591 1245 1633 fugiendae
1277 1600 1370 1634 ergo
1402 1592 1496 1624 mihi
1528 1592 1681 1633 sumpsi.

52 1645 212 1680 Interim
235 1655 310 1678 non
335 1646 470 1688 opinor
494 1646 532 1678 in
557 1645 685 1678 multis
709 1645 981 1678 monachorum
1005 1645 1177 1689 collegiJs
1202 1656 1426 1688 quemquam
1445 1648 1607 1689 reperiri
1622 1647 1682 1689 (4),

53 1702 159 1734 cuius
198 1701 394 1744 ingenium
431 1701 552 1743 magis
588 1701 776 1743 refugerit
806 1700 865 1733 vel
905 1710 927 1734 a
962 1711 1080 1742 puero
1120 1701 1322 1734 mulierum
1353 1703 1540 1741 convictu,
1573 1712 1685 1744 quam

53 1766 190 1790 meum.
217 1757 340 1790 Taceo
366 1758 546 1798 quantum
571 1757 736 1789 sudarim
762 1766 804 1789 ac
827 1756 1044 1795 laborarim,
1074 1759 1114 1789 ut
1143 1758 1381 1791 continenter
1408 1759 1586 1792 viverem.
1612 1758 1686 1791 Sed

53 1813 179 1846 evenit
202 1812 296 1844 mihi
324 1812 489 1853 quidem,
519 1813 561 1844 ut
588 1821 660 1853 quo
690 1812 811 1854 magis
839 1812 1067 1852 insisterem,
1101 1813 1172 1845 hoc
1201 1813 1325 1846 acrius
1356 1815 1686 1856 concupiscentiae

52 1867 192 1900 malum
209 1867 302 1900 mihi
321 1867 584 1900 invalesceret.

96 1921 367 1957 Rosemundus.
387 1921 530 1960 Quibus
546 1931 662 1964 porro
679 1923 857 1964 remedijs
875 1924 1046 1956 tentabas
1063 1922 1150 1956 huic
1167 1924 1266 1957 malo
1285 1925 1432 1958 obviam
1449 1925 1529 1958 ire?

102 1977 320 2012 W'ordenas.
350 1976 492 2015 Quibus
521 1978 558 2010 id
582 1987 702 2020 genus
731 1979 1014 2010 daemoniorum
1046 1981 1254 2022 expugnari
1286 1980 1394 2019 solet,
1426 1981 1685 2014 immoderatis

50 2033 214 2074 ieiuniJs,
244 2031 396 2075 vigiliis,
427 2032 565 2070 inedia,
596 2033 877 2074 precationibus
906 2034 1066 2066 assiduis
1099 2036 1136 2066 et
1168 2035 1351 2076 improbis
1383 2035 1576 2069 laboribus
1603 2046 1610 2069 ε
1644 2037 1686 2069 ut

53 2097 99 2121 ne
118 2088 263 2126 addam,
283 2087 370 2120 dum
387 2096 446 2120 me
464 2087 517 2119 sie
535 2089 706 2129 torqueo,
727 2088 921 2121 biennium
939 2090 1059 2120 totum
1076 2089 1301 2122 abstemium
1318 2091 1456 2124 vixisse
1474 2101 1545 2125 me.

96 2144 310 2176 Montanus.
339 2141 443 2175 Haec.
474 2143 684 2184 praescisse
717 2152 759 2175 ac
786 2144 1067 2185 praecogitasse
1100 2145 1278 2186 oportuit,
1305 2146 1525 2188 priusquam
1557 2156 1683 2179 sacros

53 2199 205 2232 ordines
222 2198 345 2231 adires
359 2197 419 2240 (5).
440 2198 548 2230 Nunc
565 2207 654 2231 vero
672 2207 758 2231 sera
774 2200 831 2231 est
846 2199 1094 2240 poenitentia.

102 2252 320 2288 Wordenas.
353 2252 392 2286 Si
424 2253 514 2286 satis
546 2262 605 2286 me
638 2254 837 2291 novissem,
868 2256 979 2295 atque
1007 2253 1100 2287 haec
1128 2256 1388 2296 praescissem,
1420 2267 1610 2299 nunquam
1638 2257 1684 2290 ad

52 2308 152 2342 hunc
178 2309 416 2342 sacerdotum
444 2309 615 2342 ordinem
642 2318 702 2342 me
730 2309 988 2351 contulissem,
1017 2310 1079 2350 qui
1109 2311 1232 2343 tamen
1262 2311 1341 2353 ipse
1370 2312 1463 2345 mihi
1495 2322 1684 2355 nunquam

51 2363 160 2398 valde
176 2363 331 2406 placuit.

94 2417 354 2454 Enchusanus.
373 2419 470 2458 Quid
486 2419 605 2463 igitur
622 2420 738 2452 movit
755 2420 804 2457 te,
824 2421 864 2452 ut
881 2421 1057 2453 sacerdos
1075 2420 1210 2454 fleres?

102 2472 321 2509 Wordenas.
354 2475 440 2508 Non
471 2474 574 2508 aliud
606 2484 724 2516 aeque
757 2477 868 2517 atque
900 2476 1116 2518 importuna
1153 2477 1272 2518 patris
1304 2478 1378 2511 mei
1411 2479 1456 2512 ad
1489 2488 1571 2512 eam
1603 2489 1684 2513 rem

52 2528 282 2570 sollicitatio,
318 2530 383 2572 qui
412 2539 473 2564 me
503 2530 616 2573 plane
646 2530 768 2564 voluit
800 2531 1035 2565 sacerdotem
1067 2532 1151 2565 fieri
1185 2541 1192 2564 :
1233 2534 1371 2574 partim
1412 2544 1457 2568 ne
1490 2535 1684 2568 videretur

94 2681 141 2726 (1)
164 2681 212 2716 In
235 2683 436 2727 margine:
464 2682 591 2718 Futile
608 2682 798 2717 cavillum.

95 2739 143 2781 (2)
232 2737 339 2772 Idem
430 2748 437 2770 :
466 2738 660 2778 Matthaei,
684 2740 735 2772 19.

95 2793 143 2835 (3)
233 2791 339 2826 Idem
430 2803 438 2825 :
466 2793 636 2827 Solitudo
656 2795 824 2836 agamiae
843 2794 1065 2836 improbata.
1086 2791 1255 2831 Genesis,
1275 2792 1306 2826 ⁴2.

94 2849 142 2890 (4)
231 2847 337 2881 Idem
428 2858 436 2881 :
465 2849 648 2882 Naturam
667 2849 834 2892 expellas
851 2851 971 2890 furca,
991 2851 1129 2887 tamen,
1149 2853 1220 2882 etc.

97 2903 145 2945 (5)
233 2901 340 2938 Idem
431 2913 439 2936 ε
466 2903 698 2947 Magistralis
717 2915 888 2939 censura.

1520 3008 1561 3041 28
