<?xml version="1.0" encoding="UTF-8"?>
<!DOCTYPE html PUBLIC "-//W3C//DTD XHTML 1.0 Transitional//EN"
    "http://www.w3.org/TR/xhtml1/DTD/xhtml1-transitional.dtd">
<html xmlns="http://www.w3.org/1999/xhtml" xml:lang="en" lang="en">
 <head>
  <title>
</title>
<meta http-equiv="Content-Type" content="text/html;charset=utf-8" />
  <meta name='ocr-system' content='tesseract 3.04.00' />
  <meta name='ocr-capabilities' content='ocr_page ocr_carea ocr_par ocr_line ocrx_word'/>
</head>
<body>
  <div class='ocr_page' id='page_1' title='image "./corpusdocumentor04fruoft_0467.png"; bbox 0 0 2096 3481; ppageno 0'>
   <div class='ocr_carea' id='block_1_1' title="bbox 785 242 1723 278">
    <p class='ocr_par' dir='ltr' id='par_1_1' title="bbox 785 242 1723 278">
     <span class='ocr_line' id='line_1_1' title="bbox 785 242 1723 278; baseline 0.001 -2"><span class='ocrx_word' id='word_1_1' title='bbox 785 242 921 277; x_wconf 85' lang='lat' dir='ltr'><strong>ANNO</strong></span> <span class='ocrx_word' id='word_1_2' title='bbox 949 243 1033 277; x_wconf 76' lang='lat'>1525</span> <span class='ocrx_word' id='word_1_3' title='bbox 1665 245 1723 278; x_wconf 74' lang='lat'>421</span> 
     </span>
    </p>
   </div>
   <div class='ocr_carea' id='block_1_2' title="bbox 91 352 1731 2615">
    <p class='ocr_par' dir='ltr' id='par_1_2' title="bbox 93 352 1725 451">
     <span class='ocr_line' id='line_1_2' title="bbox 136 352 1725 396; baseline -0.002 -9"><span class='ocrx_word' id='word_1_4' title='bbox 136 353 348 387; x_wconf 79' lang='lat' dir='ltr'><strong><em>Montanus.</em></strong></span> <span class='ocrx_word' id='word_1_5' title='bbox 368 352 407 386; x_wconf 89' lang='lat' dir='ltr'>Si</span> <span class='ocrx_word' id='word_1_6' title='bbox 432 362 507 385; x_wconf 93' lang='lat' dir='ltr'>non</span> <span class='ocrx_word' id='word_1_7' title='bbox 532 354 658 386; x_wconf 80' lang='lat' dir='ltr'>essent</span> <span class='ocrx_word' id='word_1_8' title='bbox 683 352 788 395; x_wconf 86' lang='lat' dir='ltr'>leges</span> <span class='ocrx_word' id='word_1_9' title='bbox 812 354 850 386; x_wconf 93' lang='lat' dir='ltr'>et</span> <span class='ocrx_word' id='word_1_10' title='bbox 873 354 1087 386; x_wconf 81' lang='lat' dir='ltr'>sanctiones</span> <span class='ocrx_word' id='word_1_11' title='bbox 1105 354 1241 395; x_wconf 84' lang='lat' dir='ltr'>quibus</span> <span class='ocrx_word' id='word_1_12' title='bbox 1265 354 1524 396; x_wconf 76' lang='lat' dir='ltr'>astringantur</span> <span class='ocrx_word' id='word_1_13' title='bbox 1541 352 1725 391; x_wconf 86' lang='lat' dir='ltr'>homines,</span> 
     </span>
     <span class='ocr_line' id='line_1_3' title="bbox 93 407 1237 451; baseline 0 -10"><span class='ocrx_word' id='word_1_14' title='bbox 93 409 176 451; x_wconf 87' lang='lat' dir='ltr'>quis</span> <span class='ocrx_word' id='word_1_15' title='bbox 194 410 272 441; x_wconf 91' lang='lat' dir='ltr'>tum</span> <span class='ocrx_word' id='word_1_16' title='bbox 290 409 390 441; x_wconf 88' lang='lat' dir='ltr'>esset</span> <span class='ocrx_word' id='word_1_17' title='bbox 405 407 637 449; x_wconf 87' lang='lat' dir='ltr'>reipublicae</span> <span class='ocrx_word' id='word_1_18' title='bbox 655 409 794 441; x_wconf 71' lang='lat' dir='ltr'>status?</span> <span class='ocrx_word' id='word_1_19' title='bbox 811 408 913 446; x_wconf 85' lang='lat' dir='ltr'><strong>Quae</strong></span> <span class='ocrx_word' id='word_1_20' title='bbox 931 409 1173 441; x_wconf 65' lang='lat' dir='ltr'>constitutio?</span> <span class='ocrx_word' id='word_1_21' title='bbox 1190 409 1237 450; x_wconf 91' lang='lat' dir='ltr'>(l)</span> 
     </span>
    </p>

    <p class='ocr_par' dir='ltr' id='par_1_3' title="bbox 92 462 1727 562">
     <span class='ocr_line' id='line_1_4' title="bbox 135 462 1727 506; baseline -0.001 -9"><span class='ocrx_word' id='word_1_22' title='bbox 135 462 276 498; x_wconf 64' lang='lat' dir='ltr'>Baccho.</span> <span class='ocrx_word' id='word_1_23' title='bbox 308 463 347 496; x_wconf 88' lang='lat' dir='ltr'>Si</span> <span class='ocrx_word' id='word_1_24' title='bbox 375 472 449 496; x_wconf 91' lang='lat' dir='ltr'>non</span> <span class='ocrx_word' id='word_1_25' title='bbox 479 465 580 496; x_wconf 86' lang='lat' dir='ltr'>esset</span> <span class='ocrx_word' id='word_1_26' title='bbox 610 465 717 496; x_wconf 87' lang='lat' dir='ltr'>furca</span> <span class='ocrx_word' id='word_1_27' title='bbox 748 464 786 496; x_wconf 87' lang='lat' dir='ltr'>et</span> <span class='ocrx_word' id='word_1_28' title='bbox 817 463 978 506; x_wconf 82' lang='lat' dir='ltr'>gladius,</span> <span class='ocrx_word' id='word_1_29' title='bbox 1011 474 1084 497; x_wconf 90' lang='lat' dir='ltr'>non</span> <span class='ocrx_word' id='word_1_30' title='bbox 1118 465 1295 497; x_wconf 79' lang='lat' dir='ltr'>auderem</span> <span class='ocrx_word' id='word_1_31' title='bbox 1328 464 1502 505; x_wconf 84' lang='lat' dir='ltr'>equidem</span> <span class='ocrx_word' id='word_1_32' title='bbox 1534 473 1602 506; x_wconf 90' lang='lat' dir='ltr'>per</span> <span class='ocrx_word' id='word_1_33' title='bbox 1629 464 1727 496; x_wconf 88' lang='lat' dir='ltr'>viam</span> 
     </span>
     <span class='ocr_line' id='line_1_5' title="bbox 92 518 1599 562; baseline -0.001 -10"><span class='ocrx_word' id='word_1_34' title='bbox 92 518 281 562; x_wconf 79' lang='lat' dir='ltr'>publicam</span> <span class='ocrx_word' id='word_1_35' title='bbox 299 518 505 552; x_wconf 88' lang='lat' dir='ltr'>ambulare.</span> <span class='ocrx_word' id='word_1_36' title='bbox 523 519 628 552; x_wconf 88' lang='lat' dir='ltr'>Adeo</span> <span class='ocrx_word' id='word_1_37' title='bbox 647 519 876 552; x_wconf 87' lang='lat' dir='ltr'>inundarent</span> <span class='ocrx_word' id='word_1_38' title='bbox 893 519 1103 556; x_wconf 84' lang='lat' dir='ltr'>latrocinia,</span> <span class='ocrx_word' id='word_1_39' title='bbox 1124 521 1226 552; x_wconf 89' lang='lat' dir='ltr'>furta</span> <span class='ocrx_word' id='word_1_40' title='bbox 1243 521 1280 552; x_wconf 90' lang='lat' dir='ltr'>et</span> <span class='ocrx_word' id='word_1_41' title='bbox 1297 520 1599 561; x_wconf 77' lang='lat' dir='ltr'>depredationes.</span> 
     </span>
    </p>

    <p class='ocr_par' dir='ltr' id='par_1_4' title="bbox 92 573 1727 884">
     <span class='ocr_line' id='line_1_6' title="bbox 142 573 1727 615; baseline 0.001 -9"><span class='ocrx_word' id='word_1_42' title='bbox 142 573 361 608; x_wconf 78' lang='lat' dir='ltr'>Wordenas.</span> <span class='ocrx_word' id='word_1_43' title='bbox 380 574 519 607; x_wconf 86' lang='lat' dir='ltr'>Fateor</span> <span class='ocrx_word' id='word_1_44' title='bbox 536 574 711 615; x_wconf 83' lang='lat' dir='ltr'>equidem</span> <span class='ocrx_word' id='word_1_45' title='bbox 728 574 932 613; x_wconf 87' lang='lat' dir='ltr'>vobiscum,</span> <span class='ocrx_word' id='word_1_46' title='bbox 951 584 1031 607; x_wconf 90' lang='lat' dir='ltr'>rem</span> <span class='ocrx_word' id='word_1_47' title='bbox 1049 575 1102 608; x_wconf 91' lang='lat' dir='ltr'>ita</span> <span class='ocrx_word' id='word_1_48' title='bbox 1119 575 1259 608; x_wconf 74' lang='lat' dir='ltr'>habere</span> <span class='ocrx_word' id='word_1_49' title='bbox 1280 584 1287 606; x_wconf 93' lang='lat'>:</span> <span class='ocrx_word' id='word_1_50' title='bbox 1307 575 1373 607; x_wconf 88' lang='lat' dir='ltr'>scd</span> <span class='ocrx_word' id='word_1_51' title='bbox 1391 575 1562 608; x_wconf 80' lang='lat' dir='ltr'>Caesaris</span> <span class='ocrx_word' id='word_1_52' title='bbox 1579 576 1647 612; x_wconf 87' lang='lat' dir='ltr'>est,</span> <span class='ocrx_word' id='word_1_53' title='bbox 1667 574 1727 607; x_wconf 89' lang='lat' dir='ltr'>cui</span> 
     </span>
     <span class='ocr_line' id='line_1_7' title="bbox 92 629 1726 672; baseline 0 -10"><span class='ocrx_word' id='word_1_54' title='bbox 92 630 206 663; x_wconf 83' lang='lat' dir='ltr'>cessit</span> <span class='ocrx_word' id='word_1_55' title='bbox 221 630 280 662; x_wconf 91' lang='lat' dir='ltr'>ius</span> <span class='ocrx_word' id='word_1_56' title='bbox 297 629 415 672; x_wconf 82' lang='lat' dir='ltr'>gladii</span> <span class='ocrx_word' id='word_1_57' title='bbox 434 639 455 662; x_wconf 87' lang='lat' dir='ltr'>a</span> <span class='ocrx_word' id='word_1_58' title='bbox 472 630 646 667; x_wconf 83' lang='lat' dir='ltr'>Domino,</span> <span class='ocrx_word' id='word_1_59' title='bbox 666 629 835 662; x_wconf 87' lang='lat' dir='ltr'>insontes</span> <span class='ocrx_word' id='word_1_60' title='bbox 855 630 952 662; x_wconf 91' lang='lat' dir='ltr'>tueri</span> <span class='ocrx_word' id='word_1_61' title='bbox 971 631 1014 662; x_wconf 84' lang='lat' dir='ltr'>ab</span> <span class='ocrx_word' id='word_1_62' title='bbox 1034 630 1173 662; x_wconf 89' lang='lat' dir='ltr'>iniuria</span> <span class='ocrx_word' id='word_1_63' title='bbox 1198 632 1235 662; x_wconf 89' lang='lat' dir='ltr'>ct</span> <span class='ocrx_word' id='word_1_64' title='bbox 1252 632 1379 662; x_wconf 87' lang='lat' dir='ltr'>sontes</span> <span class='ocrx_word' id='word_1_65' title='bbox 1397 630 1542 662; x_wconf 90' lang='lat' dir='ltr'>meritis</span> <span class='ocrx_word' id='word_1_66' title='bbox 1559 629 1726 671; x_wconf 83' lang='lat' dir='ltr'>plectere</span> 
     </span>
     <span class='ocr_line' id='line_1_8' title="bbox 93 684 1726 727; baseline -0.001 -9"><span class='ocrx_word' id='word_1_67' title='bbox 93 684 302 727; x_wconf 90' lang='lat' dir='ltr'>supplicijs.</span> <span class='ocrx_word' id='word_1_68' title='bbox 338 684 474 718; x_wconf 84' lang='lat' dir='ltr'>Civiles</span> <span class='ocrx_word' id='word_1_69' title='bbox 507 684 612 726; x_wconf 85' lang='lat' dir='ltr'>leges</span> <span class='ocrx_word' id='word_1_70' title='bbox 644 685 689 717; x_wconf 89' lang='lat' dir='ltr'>ad</span> <span class='ocrx_word' id='word_1_71' title='bbox 722 684 953 726; x_wconf 77' lang='lat' dir='ltr'>reipubIIcae</span> <span class='ocrx_word' id='word_1_72' title='bbox 989 686 1314 718; x_wconf 80' lang='lat' dir='ltr'>conservationem</span> <span class='ocrx_word' id='word_1_73' title='bbox 1348 685 1580 718; x_wconf 79' lang='lat' dir='ltr'>necessarias</span> <span class='ocrx_word' id='word_1_74' title='bbox 1617 694 1726 717; x_wconf 90' lang='lat' dir='ltr'>nemo</span> 
     </span>
     <span class='ocr_line' id='line_1_9' title="bbox 94 739 1727 783; baseline -0.001 -9"><span class='ocrx_word' id='word_1_75' title='bbox 94 741 219 783; x_wconf 86' lang='lat' dir='ltr'>negat.</span> <span class='ocrx_word' id='word_1_76' title='bbox 239 739 379 773; x_wconf 89' lang='lat' dir='ltr'>Verum</span> <span class='ocrx_word' id='word_1_77' title='bbox 396 740 590 773; x_wconf 88' lang='lat' dir='ltr'>enimvero</span> <span class='ocrx_word' id='word_1_78' title='bbox 609 749 676 772; x_wconf 84' lang='lat' dir='ltr'>nos</span> <span class='ocrx_word' id='word_1_79' title='bbox 694 739 754 772; x_wconf 91' lang='lat' dir='ltr'>hie</span> <span class='ocrx_word' id='word_1_80' title='bbox 768 741 915 782; x_wconf 84' lang='lat' dir='ltr'>agimus</span> <span class='ocrx_word' id='word_1_81' title='bbox 933 741 978 773; x_wconf 88' lang='lat' dir='ltr'>de</span> <span class='ocrx_word' id='word_1_82' title='bbox 996 741 1222 781; x_wconf 83' lang='lat' dir='ltr'>ceremonijs</span> <span class='ocrx_word' id='word_1_83' title='bbox 1241 742 1278 773; x_wconf 88' lang='lat' dir='ltr'>ct</span> <span class='ocrx_word' id='word_1_84' title='bbox 1295 740 1552 772; x_wconf 84' lang='lat' dir='ltr'>sanctionibus</span> <span class='ocrx_word' id='word_1_85' title='bbox 1576 739 1727 773; x_wconf 84' lang='lat' dir='ltr'>ecclesi-</span> 
     </span>
     <span class='ocr_line' id='line_1_10' title="bbox 93 794 1726 838; baseline 0 -10"><span class='ocrx_word' id='word_1_86' title='bbox 93 796 232 833; x_wconf 89' lang='lat' dir='ltr'>asticis,</span> <span class='ocrx_word' id='word_1_87' title='bbox 261 795 300 828; x_wconf 90' lang='lat' dir='ltr'>in</span> <span class='ocrx_word' id='word_1_88' title='bbox 343 804 502 838; x_wconf 84' lang='lat' dir='ltr'>quarum</span> <span class='ocrx_word' id='word_1_89' title='bbox 534 795 799 828; x_wconf 78' lang='lat' dir='ltr'>observatione</span> <span class='ocrx_word' id='word_1_90' title='bbox 828 796 921 833; x_wconf 81' lang='lat' dir='ltr'>dixi,</span> <span class='ocrx_word' id='word_1_91' title='bbox 959 805 1032 829; x_wconf 88' lang='lat' dir='ltr'>non</span> <span class='ocrx_word' id='word_1_92' title='bbox 1067 805 1148 829; x_wconf 87' lang='lat' dir='ltr'>csse</span> <span class='ocrx_word' id='word_1_93' title='bbox 1185 796 1283 837; x_wconf 88' lang='lat' dir='ltr'>quod</span> <span class='ocrx_word' id='word_1_94' title='bbox 1317 796 1511 837; x_wconf 82' lang='lat' dir='ltr'>quisquam</span> <span class='ocrx_word' id='word_1_95' title='bbox 1540 794 1726 837; x_wconf 81' lang='lat' dir='ltr'>glorietur</span> 
     </span>
     <span class='ocr_line' id='line_1_11' title="bbox 92 852 327 884; baseline 0 -1"><span class='ocrx_word' id='word_1_96' title='bbox 92 861 218 884; x_wconf 86' lang='lat' dir='ltr'>coram</span> <span class='ocrx_word' id='word_1_97' title='bbox 236 852 327 884; x_wconf 92' lang='lat' dir='ltr'>Deo.</span> 
     </span>
    </p>

    <p class='ocr_par' dir='ltr' id='par_1_5' title="bbox 94 905 1726 1004">
     <span class='ocr_line' id='line_1_12' title="bbox 137 905 1726 949; baseline -0.001 -9"><span class='ocrx_word' id='word_1_98' title='bbox 137 907 353 940; x_wconf 80' lang='lat' dir='ltr'>Montanus.</span> <span class='ocrx_word' id='word_1_99' title='bbox 373 907 456 939; x_wconf 90' lang='lat' dir='ltr'>Non</span> <span class='ocrx_word' id='word_1_100' title='bbox 475 915 658 949; x_wconf 87' lang='lat' dir='ltr'>negamus</span> <span class='ocrx_word' id='word_1_101' title='bbox 675 907 794 940; x_wconf 90' lang='lat' dir='ltr'>bonos</span> <span class='ocrx_word' id='word_1_102' title='bbox 819 916 864 940; x_wconf 82' lang='lat' dir='ltr'>ex</span> <span class='ocrx_word' id='word_1_103' title='bbox 883 907 1007 939; x_wconf 85' lang='lat' dir='ltr'>animo</span> <span class='ocrx_word' id='word_1_104' title='bbox 1025 916 1175 949; x_wconf 84' lang='lat' dir='ltr'>semper</span> <span class='ocrx_word' id='word_1_105' title='bbox 1193 907 1416 940; x_wconf 83' lang='lat' dir='ltr'>benefacere</span> <span class='ocrx_word' id='word_1_106' title='bbox 1437 916 1444 938; x_wconf 89' lang='lat'><strong>:</strong></span> <span class='ocrx_word' id='word_1_107' title='bbox 1465 905 1584 939; x_wconf 84' lang='lat' dir='ltr'>malos</span> <span class='ocrx_word' id='word_1_108' title='bbox 1602 907 1726 939; x_wconf 86' lang='lat' dir='ltr'>autem</span> 
     </span>
     <span class='ocr_line' id='line_1_13' title="bbox 94 961 1426 1004; baseline -0.002 -9"><span class='ocrx_word' id='word_1_109' title='bbox 94 972 167 996; x_wconf 90' lang='lat' dir='ltr'>non</span> <span class='ocrx_word' id='word_1_110' title='bbox 185 963 258 995; x_wconf 91' lang='lat' dir='ltr'>nisi</span> <span class='ocrx_word' id='word_1_111' title='bbox 274 971 420 1004; x_wconf 87' lang='lat' dir='ltr'>poenae</span> <span class='ocrx_word' id='word_1_112' title='bbox 437 963 540 995; x_wconf 84' lang='lat' dir='ltr'>metu</span> <span class='ocrx_word' id='word_1_113' title='bbox 559 964 596 995; x_wconf 88' lang='lat' dir='ltr'>et</span> <span class='ocrx_word' id='word_1_114' title='bbox 612 962 711 995; x_wconf 90' lang='lat' dir='ltr'>malo</span> <span class='ocrx_word' id='word_1_115' title='bbox 730 964 879 995; x_wconf 85' lang='lat' dir='ltr'>coactos</span> <span class='ocrx_word' id='word_1_116' title='bbox 897 972 918 995; x_wconf 85' lang='lat' dir='ltr'>a</span> <span class='ocrx_word' id='word_1_117' title='bbox 935 961 1032 994; x_wconf 83' lang='lat' dir='ltr'>malo</span> <span class='ocrx_word' id='word_1_118' title='bbox 1053 963 1264 1004; x_wconf 84' lang='lat' dir='ltr'>temperare</span> <span class='ocrx_word' id='word_1_119' title='bbox 1282 971 1426 994; x_wconf 90' lang='lat' dir='ltr'>manus.</span> 
     </span>
    </p>

    <p class='ocr_par' dir='ltr' id='par_1_6' title="bbox 92 1016 1727 1162">
     <span class='ocr_line' id='line_1_14' title="bbox 141 1016 1727 1059; baseline 0 -9"><span class='ocrx_word' id='word_1_120' title='bbox 141 1016 359 1052; x_wconf 82' lang='lat' dir='ltr'>Wordenas.</span> <span class='ocrx_word' id='word_1_121' title='bbox 380 1018 483 1056; x_wconf 83' lang='lat' dir='ltr'>Quae</span> <span class='ocrx_word' id='word_1_122' title='bbox 502 1027 594 1059; x_wconf 90' lang='lat' dir='ltr'>ergo</span> <span class='ocrx_word' id='word_1_123' title='bbox 613 1018 685 1050; x_wconf 86' lang='lat' dir='ltr'>ista</span> <span class='ocrx_word' id='word_1_124' title='bbox 703 1020 759 1051; x_wconf 86' lang='lat' dir='ltr'>est</span> <span class='ocrx_word' id='word_1_125' title='bbox 779 1018 973 1059; x_wconf 87' lang='lat' dir='ltr'>iniquitas,</span> <span class='ocrx_word' id='word_1_126' title='bbox 993 1019 1033 1050; x_wconf 88' lang='lat' dir='ltr'>ut</span> <span class='ocrx_word' id='word_1_127' title='bbox 1057 1018 1176 1050; x_wconf 87' lang='lat' dir='ltr'>bonos</span> <span class='ocrx_word' id='word_1_128' title='bbox 1201 1026 1243 1050; x_wconf 88' lang='lat' dir='ltr'>ac</span> <span class='ocrx_word' id='word_1_129' title='bbox 1268 1016 1387 1050; x_wconf 84' lang='lat' dir='ltr'>malos</span> <span class='ocrx_word' id='word_1_130' title='bbox 1412 1017 1553 1049; x_wconf 88' lang='lat' dir='ltr'>eisdem</span> <span class='ocrx_word' id='word_1_131' title='bbox 1578 1017 1727 1059; x_wconf 87' lang='lat' dir='ltr'>legibus</span> 
     </span>
     <span class='ocr_line' id='line_1_15' title="bbox 92 1071 1726 1115; baseline -0.001 -9"><span class='ocrx_word' id='word_1_132' title='bbox 92 1073 374 1115; x_wconf 83' lang='lat' dir='ltr'>constringatis,</span> <span class='ocrx_word' id='word_1_133' title='bbox 393 1082 477 1105; x_wconf 91' lang='lat' dir='ltr'>cum</span> <span class='ocrx_word' id='word_1_134' title='bbox 496 1073 678 1115; x_wconf 86' lang='lat' dir='ltr'>scriptum</span> <span class='ocrx_word' id='word_1_135' title='bbox 695 1074 753 1106; x_wconf 89' lang='lat' dir='ltr'>est</span> <span class='ocrx_word' id='word_1_136' title='bbox 770 1073 830 1115; x_wconf 81' lang='lat'>(2),</span> <span class='ocrx_word' id='word_1_137' title='bbox 850 1073 948 1106; x_wconf 90' lang='lat' dir='ltr'>iusto</span> <span class='ocrx_word' id='word_1_138' title='bbox 968 1082 1041 1106; x_wconf 89' lang='lat' dir='ltr'>non</span> <span class='ocrx_word' id='word_1_139' title='bbox 1059 1081 1142 1106; x_wconf 89' lang='lat' dir='ltr'>esse</span> <span class='ocrx_word' id='word_1_140' title='bbox 1159 1071 1283 1115; x_wconf 88' lang='lat' dir='ltr'>legem</span> <span class='ocrx_word' id='word_1_141' title='bbox 1301 1072 1474 1114; x_wconf 88' lang='lat' dir='ltr'>positam,</span> <span class='ocrx_word' id='word_1_142' title='bbox 1494 1072 1559 1105; x_wconf 91' lang='lat' dir='ltr'>sed</span> <span class='ocrx_word' id='word_1_143' title='bbox 1576 1072 1726 1105; x_wconf 88' lang='lat' dir='ltr'>iniustis</span> 
     </span>
     <span class='ocr_line' id='line_1_16' title="bbox 92 1127 375 1162; baseline -0.007 0"><span class='ocrx_word' id='word_1_144' title='bbox 92 1130 130 1162; x_wconf 87' lang='lat' dir='ltr'>et</span> <span class='ocrx_word' id='word_1_145' title='bbox 145 1127 375 1162; x_wconf 67' lang='lat' dir='ltr'>incredulis?</span> 
     </span>
    </p>

    <p class='ocr_par' dir='ltr' id='par_1_7' title="bbox 137 1182 744 1223">
     <span class='ocr_line' id='line_1_17' title="bbox 137 1182 744 1223; baseline 0 -6"><span class='ocrx_word' id='word_1_146' title='bbox 137 1182 393 1217; x_wconf 79' lang='lat' dir='ltr'>Enchusanzts.</span> <span class='ocrx_word' id='word_1_147' title='bbox 414 1183 510 1223; x_wconf 89' lang='lat' dir='ltr'>Quid</span> <span class='ocrx_word' id='word_1_148' title='bbox 528 1185 581 1217; x_wconf 80' lang='lat' dir='ltr'>ita</span> <span class='ocrx_word' id='word_1_149' title='bbox 598 1184 744 1217; x_wconf 61' lang='lat' dir='ltr'>isthuc?</span> 
     </span>
    </p>

    <p class='ocr_par' dir='ltr' id='par_1_8' title="bbox 92 1238 1728 1557">
     <span class='ocr_line' id='line_1_18' title="bbox 144 1238 1728 1281; baseline 0 -10"><span class='ocrx_word' id='word_1_150' title='bbox 144 1238 361 1273; x_wconf 86' lang='lat' dir='ltr'>Wordenas.</span> <span class='ocrx_word' id='word_1_151' title='bbox 389 1240 485 1279; x_wconf 87' lang='lat' dir='ltr'>Quia</span> <span class='ocrx_word' id='word_1_152' title='bbox 509 1241 723 1281; x_wconf 85' lang='lat' dir='ltr'>quicunque</span> <span class='ocrx_word' id='word_1_153' title='bbox 757 1249 831 1272; x_wconf 91' lang='lat' dir='ltr'>non</span> <span class='ocrx_word' id='word_1_154' title='bbox 863 1239 1103 1277; x_wconf 86' lang='lat' dir='ltr'>ieiunaverit,</span> <span class='ocrx_word' id='word_1_155' title='bbox 1130 1248 1204 1271; x_wconf 87' lang='lat' dir='ltr'>non</span> <span class='ocrx_word' id='word_1_156' title='bbox 1238 1239 1396 1272; x_wconf 85' lang='lat' dir='ltr'>feriatus</span> <span class='ocrx_word' id='word_1_157' title='bbox 1422 1238 1482 1276; x_wconf 85' lang='lat' dir='ltr'>sit,</span> <span class='ocrx_word' id='word_1_158' title='bbox 1516 1248 1590 1271; x_wconf 90' lang='lat' dir='ltr'>non</span> <span class='ocrx_word' id='word_1_159' title='bbox 1616 1239 1728 1272; x_wconf 90' lang='lat' dir='ltr'>absti-</span> 
     </span>
     <span class='ocr_line' id='line_1_19' title="bbox 94 1294 1726 1337; baseline -0.001 -9"><span class='ocrx_word' id='word_1_160' title='bbox 94 1295 220 1329; x_wconf 88' lang='lat' dir='ltr'>nuerit</span> <span class='ocrx_word' id='word_1_161' title='bbox 236 1295 330 1327; x_wconf 81' lang='lat' dir='ltr'>cibis</span> <span class='ocrx_word' id='word_1_162' title='bbox 342 1295 470 1328; x_wconf 87' lang='lat' dir='ltr'>vetitis</span> <span class='ocrx_word' id='word_1_163' title='bbox 488 1305 533 1328; x_wconf 87' lang='lat' dir='ltr'>ex</span> <span class='ocrx_word' id='word_1_164' title='bbox 551 1296 722 1328; x_wconf 85' lang='lat' dir='ltr'>instituto</span> <span class='ocrx_word' id='word_1_165' title='bbox 741 1294 935 1333; x_wconf 89' lang='lat' dir='ltr'>ecclesiae,</span> <span class='ocrx_word' id='word_1_166' title='bbox 951 1294 1051 1327; x_wconf 89' lang='lat' dir='ltr'>hunc</span> <span class='ocrx_word' id='word_1_167' title='bbox 1066 1296 1106 1327; x_wconf 89' lang='lat' dir='ltr'>ut</span> <span class='ocrx_word' id='word_1_168' title='bbox 1119 1296 1441 1337; x_wconf 82' lang='lat' dir='ltr'>transgressorem</span> <span class='ocrx_word' id='word_1_169' title='bbox 1454 1294 1726 1333; x_wconf 89' lang='lat' dir='ltr'>condemnatis,</span> 
     </span>
     <span class='ocr_line' id='line_1_20' title="bbox 93 1350 1728 1393; baseline -0.001 -9"><span class='ocrx_word' id='word_1_170' title='bbox 93 1351 193 1384; x_wconf 89' lang='lat' dir='ltr'>hunc</span> <span class='ocrx_word' id='word_1_171' title='bbox 220 1351 267 1384; x_wconf 87' lang='lat' dir='ltr'>ad</span> <span class='ocrx_word' id='word_1_172' title='bbox 295 1350 522 1393; x_wconf 90' lang='lat' dir='ltr'>supplicium</span> <span class='ocrx_word' id='word_1_173' title='bbox 551 1351 704 1393; x_wconf 78' lang='lat' dir='ltr'>rapitis3</span> <span class='ocrx_word' id='word_1_174' title='bbox 736 1351 826 1392; x_wconf 87' lang='lat' dir='ltr'>quin</span> <span class='ocrx_word' id='word_1_175' title='bbox 854 1350 1014 1392; x_wconf 86' lang='lat' dir='ltr'>pergitis</span> <span class='ocrx_word' id='word_1_176' title='bbox 1042 1350 1199 1392; x_wconf 85' lang='lat' dir='ltr'>insuper</span> <span class='ocrx_word' id='word_1_177' title='bbox 1227 1350 1467 1392; x_wconf 83' lang='lat' dir='ltr'>tyrannidem</span> <span class='ocrx_word' id='word_1_178' title='bbox 1493 1351 1658 1382; x_wconf 88' lang='lat' dir='ltr'>vestram</span> <span class='ocrx_word' id='word_1_179' title='bbox 1689 1350 1728 1382; x_wconf 91' lang='lat' dir='ltr'>in</span> 
     </span>
     <span class='ocr_line' id='line_1_21' title="bbox 93 1405 1726 1444; baseline -0.001 -4"><span class='ocrx_word' id='word_1_180' title='bbox 93 1407 237 1440; x_wconf 89' lang='lat' dir='ltr'>animas</span> <span class='ocrx_word' id='word_1_181' title='bbox 265 1408 411 1439; x_wconf 84' lang='lat' dir='ltr'>nostras</span> <span class='ocrx_word' id='word_1_182' title='bbox 441 1407 660 1440; x_wconf 81' lang='lat' dir='ltr'>extendere.</span> <span class='ocrx_word' id='word_1_183' title='bbox 687 1406 811 1439; x_wconf 88' lang='lat' dir='ltr'>Vultis</span> <span class='ocrx_word' id='word_1_184' title='bbox 840 1406 940 1439; x_wconf 90' lang='lat' dir='ltr'>enim</span> <span class='ocrx_word' id='word_1_185' title='bbox 970 1406 1022 1444; x_wconf 91' lang='lat' dir='ltr'>ut,</span> <span class='ocrx_word' id='word_1_186' title='bbox 1054 1406 1132 1438; x_wconf 85' lang='lat' dir='ltr'>sive</span> <span class='ocrx_word' id='word_1_187' title='bbox 1161 1414 1327 1443; x_wconf 87' lang='lat' dir='ltr'>uramur,</span> <span class='ocrx_word' id='word_1_188' title='bbox 1354 1405 1432 1438; x_wconf 85' lang='lat' dir='ltr'>sive</span> <span class='ocrx_word' id='word_1_189' title='bbox 1460 1414 1535 1437; x_wconf 92' lang='lat' dir='ltr'>non</span> <span class='ocrx_word' id='word_1_190' title='bbox 1560 1414 1726 1444; x_wconf 89' lang='lat' dir='ltr'>uramur,</span> 
     </span>
     <span class='ocr_line' id='line_1_22' title="bbox 93 1461 1727 1504; baseline 0 -10"><span class='ocrx_word' id='word_1_191' title='bbox 93 1472 224 1496; x_wconf 85' lang='lat' dir='ltr'>omnes</span> <span class='ocrx_word' id='word_1_192' title='bbox 241 1462 406 1495; x_wconf 83' lang='lat' dir='ltr'>coelibes</span> <span class='ocrx_word' id='word_1_193' title='bbox 424 1472 642 1495; x_wconf 90' lang='lat' dir='ltr'>maneamus</span> <span class='ocrx_word' id='word_1_194' title='bbox 662 1472 669 1495; x_wconf 92' lang='lat'>:</span> <span class='ocrx_word' id='word_1_195' title='bbox 689 1472 774 1495; x_wconf 90' lang='lat' dir='ltr'>cum</span> <span class='ocrx_word' id='word_1_196' title='bbox 791 1471 837 1495; x_wconf 78' lang='lat' dir='ltr'>ex</span> <span class='ocrx_word' id='word_1_197' title='bbox 856 1462 929 1495; x_wconf 86' lang='lat' dir='ltr'>fide</span> <span class='ocrx_word' id='word_1_198' title='bbox 947 1463 985 1495; x_wconf 87' lang='lat' dir='ltr'>et</span> <span class='ocrx_word' id='word_1_199' title='bbox 1001 1462 1233 1494; x_wconf 90' lang='lat' dir='ltr'>conscientia</span> <span class='ocrx_word' id='word_1_200' title='bbox 1246 1462 1292 1494; x_wconf 88' lang='lat' dir='ltr'>ad</span> <span class='ocrx_word' id='word_1_201' title='bbox 1306 1461 1524 1504; x_wconf 89' lang='lat' dir='ltr'>coniugium</span> <span class='ocrx_word' id='word_1_202' title='bbox 1538 1470 1727 1494; x_wconf 84' lang='lat' dir='ltr'>vocemur.</span> 
     </span>
     <span class='ocr_line' id='line_1_23' title="bbox 92 1517 1029 1557; baseline -0.002 -6"><span class='ocrx_word' id='word_1_203' title='bbox 92 1517 150 1552; x_wconf 86' lang='lat' dir='ltr'>An</span> <span class='ocrx_word' id='word_1_204' title='bbox 168 1528 242 1551; x_wconf 88' lang='lat' dir='ltr'>non</span> <span class='ocrx_word' id='word_1_205' title='bbox 260 1517 322 1550; x_wconf 90' lang='lat' dir='ltr'>hic</span> <span class='ocrx_word' id='word_1_206' title='bbox 338 1527 525 1550; x_wconf 90' lang='lat' dir='ltr'>summum</span> <span class='ocrx_word' id='word_1_207' title='bbox 542 1518 613 1557; x_wconf 89' lang='lat' dir='ltr'>ius,</span> <span class='ocrx_word' id='word_1_208' title='bbox 633 1527 779 1551; x_wconf 89' lang='lat' dir='ltr'>summa</span> <span class='ocrx_word' id='word_1_209' title='bbox 796 1518 852 1550; x_wconf 88' lang='lat' dir='ltr'>est</span> <span class='ocrx_word' id='word_1_210' title='bbox 869 1518 1029 1550; x_wconf 64' lang='lat' dir='ltr'>iniuria?</span> 
     </span>
    </p>

    <p class='ocr_par' dir='ltr' id='par_1_9' title="bbox 94 1572 1728 1663">
     <span class='ocr_line' id='line_1_24' title="bbox 137 1572 1728 1617; baseline -0.001 -10"><span class='ocrx_word' id='word_1_211' title='bbox 137 1573 393 1607; x_wconf 74' lang='lat' dir='ltr'>Enchusanus.</span> <span class='ocrx_word' id='word_1_212' title='bbox 424 1575 519 1617; x_wconf 87' lang='lat' dir='ltr'>Age,</span> <span class='ocrx_word' id='word_1_213' title='bbox 547 1583 662 1607; x_wconf 90' lang='lat' dir='ltr'>unum</span> <span class='ocrx_word' id='word_1_214' title='bbox 686 1573 779 1606; x_wconf 87' lang='lat' dir='ltr'>mihi</span> <span class='ocrx_word' id='word_1_215' title='bbox 804 1573 1006 1615; x_wconf 88' lang='lat' dir='ltr'>responde,</span> <span class='ocrx_word' id='word_1_216' title='bbox 1033 1573 1064 1606; x_wconf 92' lang='lat' dir='ltr'>si</span> <span class='ocrx_word' id='word_1_217' title='bbox 1093 1582 1166 1606; x_wconf 93' lang='lat' dir='ltr'>non</span> <span class='ocrx_word' id='word_1_218' title='bbox 1195 1572 1281 1616; x_wconf 90' lang='lat' dir='ltr'>lege</span> <span class='ocrx_word' id='word_1_219' title='bbox 1305 1572 1501 1605; x_wconf 88' lang='lat' dir='ltr'>charitatis</span> <span class='ocrx_word' id='word_1_220' title='bbox 1526 1572 1728 1606; x_wconf 87' lang='lat' dir='ltr'>debeamus</span> 
     </span>
     <span class='ocr_line' id='line_1_25' title="bbox 94 1629 503 1663; baseline -0.002 -1"><span class='ocrx_word' id='word_1_221' title='bbox 94 1631 238 1663; x_wconf 84' lang='lat' dir='ltr'>servire</span> <span class='ocrx_word' id='word_1_222' title='bbox 256 1629 352 1662; x_wconf 87' lang='lat' dir='ltr'>alter</span> <span class='ocrx_word' id='word_1_223' title='bbox 369 1629 503 1662; x_wconf 77' lang='lat' dir='ltr'>alteri?</span> 
     </span>
    </p>

    <p class='ocr_par' dir='ltr' id='par_1_10' title="bbox 142 1684 512 1718">
     <span class='ocr_line' id='line_1_26' title="bbox 142 1684 512 1718; baseline -0.003 -1"><span class='ocrx_word' id='word_1_224' title='bbox 142 1684 361 1718; x_wconf 79' lang='lat' dir='ltr'>Wordenas.</span> <span class='ocrx_word' id='word_1_225' title='bbox 382 1685 512 1718; x_wconf 87' lang='lat' dir='ltr'>Plane.</span> 
     </span>
    </p>

    <p class='ocr_par' dir='ltr' id='par_1_11' title="bbox 91 1739 1727 1837">
     <span class='ocr_line' id='line_1_27' title="bbox 136 1739 1727 1783; baseline -0.002 -9"><span class='ocrx_word' id='word_1_226' title='bbox 136 1739 393 1774; x_wconf 72' lang='lat' dir='ltr'>Enclzusanus.</span> <span class='ocrx_word' id='word_1_227' title='bbox 411 1741 485 1774; x_wconf 90' lang='lat' dir='ltr'>Cur</span> <span class='ocrx_word' id='word_1_228' title='bbox 502 1750 577 1773; x_wconf 89' lang='lat' dir='ltr'>non</span> <span class='ocrx_word' id='word_1_229' title='bbox 595 1741 713 1783; x_wconf 86' lang='lat' dir='ltr'>igitur</span> <span class='ocrx_word' id='word_1_230' title='bbox 730 1740 819 1773; x_wconf 90' lang='lat' dir='ltr'>boni</span> <span class='ocrx_word' id='word_1_231' title='bbox 838 1740 1122 1773; x_wconf 86' lang='lat' dir='ltr'>accommodent</span> <span class='ocrx_word' id='word_1_232' title='bbox 1139 1749 1178 1772; x_wconf 88' lang='lat' dir='ltr'>se</span> <span class='ocrx_word' id='word_1_233' title='bbox 1198 1749 1243 1772; x_wconf 78' lang='lat' dir='ltr'>ex</span> <span class='ocrx_word' id='word_1_234' title='bbox 1261 1739 1447 1772; x_wconf 81' lang='lat' dir='ltr'>charitate</span> <span class='ocrx_word' id='word_1_235' title='bbox 1464 1739 1540 1772; x_wconf 88' lang='lat' dir='ltr'>illis</span> <span class='ocrx_word' id='word_1_236' title='bbox 1565 1739 1727 1782; x_wconf 87' lang='lat' dir='ltr'>legibus,</span> 
     </span>
     <span class='ocr_line' id='line_1_28' title="bbox 91 1794 1468 1837; baseline -0.002 -7"><span class='ocrx_word' id='word_1_237' title='bbox 91 1797 137 1831; x_wconf 91' lang='lat' dir='ltr'>ad</span> <span class='ocrx_word' id='word_1_238' title='bbox 155 1796 364 1830; x_wconf 89' lang='lat' dir='ltr'>tollendum</span> <span class='ocrx_word' id='word_1_239' title='bbox 383 1805 493 1829; x_wconf 90' lang='lat' dir='ltr'>omne</span> <span class='ocrx_word' id='word_1_240' title='bbox 511 1795 792 1834; x_wconf 74' lang='lat' dir='ltr'>offendiculum,</span> <span class='ocrx_word' id='word_1_241' title='bbox 813 1796 948 1837; x_wconf 83' lang='lat' dir='ltr'>quibus</span> <span class='ocrx_word' id='word_1_242' title='bbox 964 1795 1053 1828; x_wconf 91' lang='lat' dir='ltr'>mali</span> <span class='ocrx_word' id='word_1_243' title='bbox 1071 1805 1092 1828; x_wconf 89' lang='lat' dir='ltr'>a</span> <span class='ocrx_word' id='word_1_244' title='bbox 1105 1794 1203 1827; x_wconf 89' lang='lat' dir='ltr'>malo</span> <span class='ocrx_word' id='word_1_245' title='bbox 1221 1796 1468 1828; x_wconf 68' lang='lat' dir='ltr'>coercentur?</span> 
     </span>
    </p>

    <p class='ocr_par' dir='ltr' id='par_1_12' title="bbox 91 1850 1731 2004">
     <span class='ocr_line' id='line_1_29' title="bbox 141 1850 1731 1893; baseline -0.001 -9"><span class='ocrx_word' id='word_1_246' title='bbox 141 1850 359 1885; x_wconf 71' lang='lat' dir='ltr'>Wordenas.</span> <span class='ocrx_word' id='word_1_247' title='bbox 380 1852 477 1884; x_wconf 88' lang='lat' dir='ltr'>Dum</span> <span class='ocrx_word' id='word_1_248' title='bbox 502 1852 758 1884; x_wconf 84' lang='lat' dir='ltr'>conscientiae</span> <span class='ocrx_word' id='word_1_249' title='bbox 783 1852 1031 1893; x_wconf 81' lang='lat' dir='ltr'>permaneant</span> <span class='ocrx_word' id='word_1_250' title='bbox 1048 1850 1204 1888; x_wconf 88' lang='lat' dir='ltr'>liberae,</span> <span class='ocrx_word' id='word_1_251' title='bbox 1223 1852 1262 1883; x_wconf 92' lang='lat' dir='ltr'>et</span> <span class='ocrx_word' id='word_1_252' title='bbox 1279 1851 1367 1883; x_wconf 82' lang='lat' dir='ltr'>fidei</span> <span class='ocrx_word' id='word_1_253' title='bbox 1385 1850 1489 1883; x_wconf 88' lang='lat' dir='ltr'>nulla</span> <span class='ocrx_word' id='word_1_254' title='bbox 1505 1851 1560 1883; x_wconf 89' lang='lat' dir='ltr'>vis</span> <span class='ocrx_word' id='word_1_255' title='bbox 1578 1850 1643 1883; x_wconf 88' lang='lat' dir='ltr'>fiat</span> <span class='ocrx_word' id='word_1_256' title='bbox 1662 1860 1669 1882; x_wconf 92' lang='lat'>:</span> <span class='ocrx_word' id='word_1_257' title='bbox 1689 1851 1731 1882; x_wconf 91' lang='lat' dir='ltr'>ut</span> 
     </span>
     <span class='ocr_line' id='line_1_30' title="bbox 91 1906 1729 1949; baseline -0.001 -9"><span class='ocrx_word' id='word_1_258' title='bbox 91 1909 194 1941; x_wconf 90' lang='lat' dir='ltr'>certe</span> <span class='ocrx_word' id='word_1_259' title='bbox 219 1906 280 1939; x_wconf 90' lang='lat' dir='ltr'>hic</span> <span class='ocrx_word' id='word_1_260' title='bbox 305 1907 347 1940; x_wconf 90' lang='lat' dir='ltr'>fit</span> <span class='ocrx_word' id='word_1_261' title='bbox 371 1908 409 1940; x_wconf 87' lang='lat' dir='ltr'>in</span> <span class='ocrx_word' id='word_1_262' title='bbox 434 1908 637 1949; x_wconf 88' lang='lat' dir='ltr'>praecepto</span> <span class='ocrx_word' id='word_1_263' title='bbox 664 1906 911 1939; x_wconf 86' lang='lat' dir='ltr'>sacerdotalis</span> <span class='ocrx_word' id='word_1_264' title='bbox 935 1906 1157 1947; x_wconf 82' lang='lat' dir='ltr'>coelibatus3</span> <span class='ocrx_word' id='word_1_265' title='bbox 1177 1906 1258 1939; x_wconf 88' lang='lat' dir='ltr'>leve</span> <span class='ocrx_word' id='word_1_266' title='bbox 1284 1907 1337 1939; x_wconf 88' lang='lat' dir='ltr'>sie</span> <span class='ocrx_word' id='word_1_267' title='bbox 1361 1906 1578 1939; x_wconf 81' lang='lat' dir='ltr'>christianis</span> <span class='ocrx_word' id='word_1_268' title='bbox 1601 1915 1729 1939; x_wconf 88' lang='lat' dir='ltr'>servos</span> 
     </span>
     <span class='ocr_line' id='line_1_31' title="bbox 93 1961 1089 2004; baseline -0.002 -8"><span class='ocrx_word' id='word_1_269' title='bbox 93 1963 176 1996; x_wconf 82' lang='lat' dir='ltr'>fieri</span> <span class='ocrx_word' id='word_1_270' title='bbox 194 1963 379 2002; x_wconf 89' lang='lat' dir='ltr'>omnibus,</span> <span class='ocrx_word' id='word_1_271' title='bbox 400 1965 438 1995; x_wconf 91' lang='lat' dir='ltr'>ut</span> <span class='ocrx_word' id='word_1_272' title='bbox 457 1972 588 1995; x_wconf 83' lang='lat' dir='ltr'>omnes</span> <span class='ocrx_word' id='word_1_273' title='bbox 606 1962 756 1996; x_wconf 86' lang='lat' dir='ltr'>Christo</span> <span class='ocrx_word' id='word_1_274' title='bbox 775 1961 1014 1994; x_wconf 80' lang='lat' dir='ltr'>lucrifaciant</span> <span class='ocrx_word' id='word_1_275' title='bbox 1028 1963 1089 2004; x_wconf 79' lang='grc'>(3).</span> 
     </span>
    </p>

    <p class='ocr_par' dir='ltr' id='par_1_13' title="bbox 92 2017 1728 2107">
     <span class='ocr_line' id='line_1_32' title="bbox 136 2017 1728 2060; baseline -0.001 -8"><span class='ocrx_word' id='word_1_276' title='bbox 136 2019 350 2052; x_wconf 78' lang='lat' dir='ltr'>Montanus.</span> <span class='ocrx_word' id='word_1_277' title='bbox 371 2018 487 2056; x_wconf 70' lang='lat' dir='ltr'>Quid?</span> <span class='ocrx_word' id='word_1_278' title='bbox 505 2019 664 2052; x_wconf 87' lang='lat' dir='ltr'>auderes</span> <span class='ocrx_word' id='word_1_279' title='bbox 682 2027 787 2060; x_wconf 89' lang='lat' dir='ltr'>ergo,</span> <span class='ocrx_word' id='word_1_280' title='bbox 807 2018 984 2051; x_wconf 89' lang='lat' dir='ltr'>sacerdos</span> <span class='ocrx_word' id='word_1_281' title='bbox 1009 2027 1093 2050; x_wconf 92' lang='lat' dir='ltr'>cum</span> <span class='ocrx_word' id='word_1_282' title='bbox 1118 2018 1182 2055; x_wconf 91' lang='lat' dir='ltr'>sis,</span> <span class='ocrx_word' id='word_1_283' title='bbox 1209 2018 1424 2059; x_wconf 90' lang='lat' dir='ltr'>contempto</span> <span class='ocrx_word' id='word_1_284' title='bbox 1442 2017 1626 2050; x_wconf 88' lang='lat' dir='ltr'>castitatis</span> <span class='ocrx_word' id='word_1_285' title='bbox 1642 2021 1728 2050; x_wconf 93' lang='lat' dir='ltr'>voto</span> 
     </span>
     <span class='ocr_line' id='line_1_33' title="bbox 92 2075 376 2107; baseline -0.004 0"><span class='ocrx_word' id='word_1_286' title='bbox 92 2075 250 2107; x_wconf 86' lang='lat' dir='ltr'>maritus</span> <span class='ocrx_word' id='word_1_287' title='bbox 268 2075 376 2107; x_wconf 71' lang='lat' dir='ltr'>fieri?</span> 
     </span>
    </p>

    <p class='ocr_par' dir='ltr' id='par_1_14' title="bbox 134 2128 1526 2170">
     <span class='ocr_line' id='line_1_34' title="bbox 134 2128 1526 2170; baseline -0.001 -8"><span class='ocrx_word' id='word_1_288' title='bbox 134 2128 407 2163; x_wconf 70' lang='lat' dir='ltr'>Rosemundus.</span> <span class='ocrx_word' id='word_1_289' title='bbox 427 2129 524 2162; x_wconf 86' lang='lat' dir='ltr'>Ecce</span> <span class='ocrx_word' id='word_1_290' title='bbox 542 2129 616 2162; x_wconf 88' lang='lat' dir='ltr'>iam</span> <span class='ocrx_word' id='word_1_291' title='bbox 634 2129 871 2161; x_wconf 87' lang='lat' dir='ltr'>commodum</span> <span class='ocrx_word' id='word_1_292' title='bbox 890 2129 936 2161; x_wconf 85' lang='lat' dir='ltr'>ad</span> <span class='ocrx_word' id='word_1_293' title='bbox 953 2138 1104 2161; x_wconf 87' lang='lat' dir='ltr'>causam</span> <span class='ocrx_word' id='word_1_294' title='bbox 1122 2129 1242 2170; x_wconf 88' lang='lat' dir='ltr'>ipsam</span> <span class='ocrx_word' id='word_1_295' title='bbox 1260 2129 1526 2161; x_wconf 84' lang='lat' dir='ltr'>convertimur.</span> 
     </span>
    </p>

    <p class='ocr_par' dir='ltr' id='par_1_15' title="bbox 91 2183 1730 2388">
     <span class='ocr_line' id='line_1_35' title="bbox 142 2183 1729 2226; baseline 0 -10"><span class='ocrx_word' id='word_1_296' title='bbox 142 2184 358 2218; x_wconf 73' lang='lat' dir='ltr'>W&#39;ordenas.</span> <span class='ocrx_word' id='word_1_297' title='bbox 387 2184 573 2225; x_wconf 81' lang='lat' dir='ltr'>Quicquid</span> <span class='ocrx_word' id='word_1_298' title='bbox 599 2184 795 2226; x_wconf 74' lang='lat' dir='ltr'>Scriptura</span> <span class='ocrx_word' id='word_1_299' title='bbox 818 2184 974 2225; x_wconf 87' lang='lat' dir='ltr'>reliquit</span> <span class='ocrx_word' id='word_1_300' title='bbox 999 2183 1162 2217; x_wconf 89' lang='lat' dir='ltr'>liberum</span> <span class='ocrx_word' id='word_1_301' title='bbox 1186 2184 1516 2216; x_wconf 88' lang='lat' dir='ltr'>indiscriminatim</span> <span class='ocrx_word' id='word_1_302' title='bbox 1543 2183 1729 2222; x_wconf 88' lang='lat' dir='ltr'>omnibus,</span> 
     </span>
     <span class='ocr_line' id='line_1_36' title="bbox 91 2239 1730 2281; baseline -0.001 -8"><span class='ocrx_word' id='word_1_303' title='bbox 91 2241 129 2274; x_wconf 90' lang='lat' dir='ltr'>id</span> <span class='ocrx_word' id='word_1_304' title='bbox 162 2250 235 2273; x_wconf 92' lang='lat' dir='ltr'>non</span> <span class='ocrx_word' id='word_1_305' title='bbox 268 2241 449 2273; x_wconf 90' lang='lat' dir='ltr'>debemus</span> <span class='ocrx_word' id='word_1_306' title='bbox 481 2240 526 2272; x_wconf 88' lang='lat' dir='ltr'>ad</span> <span class='ocrx_word' id='word_1_307' title='bbox 555 2240 754 2281; x_wconf 76' lang='lat' dir='ltr'>pauciores</span> <span class='ocrx_word' id='word_1_308' title='bbox 788 2240 1027 2272; x_wconf 74' lang='lat' dir='ltr'>contrahere.</span> <span class='ocrx_word' id='word_1_309' title='bbox 1063 2239 1145 2272; x_wconf 86' lang='lat' dir='ltr'>Non</span> <span class='ocrx_word' id='word_1_310' title='bbox 1179 2240 1280 2271; x_wconf 90' lang='lat' dir='ltr'>enim</span> <span class='ocrx_word' id='word_1_311' title='bbox 1313 2248 1443 2272; x_wconf 88' lang='lat' dir='ltr'>omnes</span> <span class='ocrx_word' id='word_1_312' title='bbox 1475 2239 1628 2280; x_wconf 84' lang='lat' dir='ltr'>capiunt</span> <span class='ocrx_word' id='word_1_313' title='bbox 1659 2239 1730 2272; x_wconf 88' lang='lat' dir='ltr'>hoc</span> 
     </span>
     <span class='ocr_line' id='line_1_37' title="bbox 91 2286 1730 2337; baseline 0.001 -9"><span class='ocrx_word' id='word_1_314' title='bbox 91 2296 260 2333; x_wconf 85' lang='lat' dir='ltr'>verbum,</span> <span class='ocrx_word' id='word_1_315' title='bbox 280 2296 324 2328; x_wconf 90' lang='lat' dir='ltr'>de</span> <span class='ocrx_word' id='word_1_316' title='bbox 351 2305 424 2327; x_wconf 85' lang='lat' dir='ltr'>non</span> <span class='ocrx_word' id='word_1_317' title='bbox 451 2296 621 2328; x_wconf 87' lang='lat' dir='ltr'>ducenda</span> <span class='ocrx_word' id='word_1_318' title='bbox 639 2304 756 2327; x_wconf 77' lang='lat' dir='ltr'>uxore</span> <span class='ocrx_word' id='word_1_319' title='bbox 772 2295 832 2336; x_wconf 68' lang='lat'>(4).</span> <span class='ocrx_word' id='word_1_320' title='bbox 854 2296 977 2332; x_wconf 74' lang='lat' dir='ltr'>Quare</span> <span class='ocrx_word' id='word_1_321' title='bbox 1003 2304 1087 2326; x_wconf 87' lang='lat' dir='ltr'>cnm</span> <span class='ocrx_word' id='word_1_322' title='bbox 1113 2294 1316 2335; x_wconf 73' lang='lat' dir='ltr'>Apostolus</span> <span class='ocrx_word' id='word_1_323' title='bbox 1342 2295 1481 2333; x_wconf 85' lang='lat' dir='ltr'>iubeat,</span> <span class='ocrx_word' id='word_1_324' title='bbox 1508 2297 1549 2327; x_wconf 89' lang='lat' dir='ltr'>ut</span> <span class='ocrx_word' id='word_1_325' title='bbox 1573 2286 1730 2337; x_wconf 82' lang='lat' dir='ltr'>quisque</span> 
     </span>
     <span class='ocr_line' id='line_1_38' title="bbox 92 2350 1250 2388; baseline -0.002 -4"><span class='ocrx_word' id='word_1_326' title='bbox 92 2361 197 2384; x_wconf 90' lang='lat' dir='ltr'>suam</span> <span class='ocrx_word' id='word_1_327' title='bbox 215 2360 373 2384; x_wconf 84' lang='lat' dir='ltr'>uxorem</span> <span class='ocrx_word' id='word_1_328' title='bbox 390 2350 541 2388; x_wconf 89' lang='lat' dir='ltr'>habeat,</span> <span class='ocrx_word' id='word_1_329' title='bbox 561 2359 628 2383; x_wconf 89' lang='lat' dir='ltr'>cur</span> <span class='ocrx_word' id='word_1_330' title='bbox 646 2360 719 2383; x_wconf 83' lang='lat' dir='ltr'>non</span> <span class='ocrx_word' id='word_1_331' title='bbox 737 2351 896 2383; x_wconf 87' lang='lat' dir='ltr'>maritus</span> <span class='ocrx_word' id='word_1_332' title='bbox 914 2351 979 2382; x_wconf 78' lang='lat' dir='ltr'>liat</span> <span class='ocrx_word' id='word_1_333' title='bbox 996 2352 1033 2383; x_wconf 86' lang='lat' dir='ltr'>ct</span> <span class='ocrx_word' id='word_1_334' title='bbox 1051 2350 1226 2383; x_wconf 81' lang='lat' dir='ltr'>sacerdos</span> <span class='ocrx_word' id='word_1_335' title='bbox 1238 2351 1250 2382; x_wconf 69' lang='grc' dir='ltr'>’ἔ</span> 
     </span>
    </p>

    <p class='ocr_par' dir='ltr' id='par_1_16' title="bbox 135 2406 939 2442">
     <span class='ocr_line' id='line_1_39' title="bbox 135 2406 939 2442; baseline -0.002 -2"><span class='ocrx_word' id='word_1_336' title='bbox 135 2407 349 2440; x_wconf 81' lang='lat' dir='ltr'>Montanus.</span> <span class='ocrx_word' id='word_1_337' title='bbox 371 2407 571 2439; x_wconf 83' lang='lat' dir='ltr'>Duxistine</span> <span class='ocrx_word' id='word_1_338' title='bbox 590 2415 759 2442; x_wconf 74' lang='lat' dir='ltr'>uxorem,</span> <span class='ocrx_word' id='word_1_339' title='bbox 780 2416 826 2438; x_wconf 85' lang='lat' dir='ltr'>an</span> <span class='ocrx_word' id='word_1_340' title='bbox 845 2406 939 2438; x_wconf 71' lang='lat' dir='ltr'>non?</span> 
     </span>
    </p>

    <p class='ocr_par' dir='ltr' id='par_1_17' title="bbox 143 2461 832 2495">
     <span class='ocr_line' id='line_1_40' title="bbox 143 2461 832 2495; baseline -0.001 -1"><span class='ocrx_word' id='word_1_341' title='bbox 143 2461 361 2495; x_wconf 47' lang='lat' dir='ltr'>IsVordenas.</span> <span class='ocrx_word' id='word_1_342' title='bbox 382 2461 488 2494; x_wconf 89' lang='lat' dir='ltr'>Tune</span> <span class='ocrx_word' id='word_1_343' title='bbox 509 2462 562 2494; x_wconf 89' lang='lat' dir='ltr'>ais</span> <span class='ocrx_word' id='word_1_344' title='bbox 581 2462 733 2494; x_wconf 81' lang='lat' dir='ltr'>duxisse</span> <span class='ocrx_word' id='word_1_345' title='bbox 752 2463 832 2494; x_wconf 68' lang='lat' dir='ltr'>me‘.2</span> 
     </span>
    </p>

    <p class='ocr_par' dir='ltr' id='par_1_18' title="bbox 137 2516 1171 2558">
     <span class='ocr_line' id='line_1_41' title="bbox 137 2516 1171 2558; baseline -0.001 -8"><span class='ocrx_word' id='word_1_346' title='bbox 137 2517 351 2551; x_wconf 80' lang='lat' dir='ltr'>Montanus.</span> <span class='ocrx_word' id='word_1_347' title='bbox 369 2517 485 2558; x_wconf 88' lang='lat' dir='ltr'>Atqui</span> <span class='ocrx_word' id='word_1_348' title='bbox 503 2518 679 2550; x_wconf 88' lang='lat' dir='ltr'>constans</span> <span class='ocrx_word' id='word_1_349' title='bbox 696 2518 796 2549; x_wconf 87' lang='lat' dir='ltr'>fama</span> <span class='ocrx_word' id='word_1_350' title='bbox 813 2517 883 2549; x_wconf 87' lang='lat' dir='ltr'>hoc</span> <span class='ocrx_word' id='word_1_351' title='bbox 901 2517 946 2549; x_wconf 89' lang='lat' dir='ltr'>de</span> <span class='ocrx_word' id='word_1_352' title='bbox 963 2520 1000 2549; x_wconf 86' lang='lat' dir='ltr'>te</span> <span class='ocrx_word' id='word_1_353' title='bbox 1017 2516 1171 2550; x_wconf 83' lang='lat' dir='ltr'>iactitat.</span> 
     </span>
    </p>

    <p class='ocr_par' dir='ltr' id='par_1_19' title="bbox 143 2571 963 2615">
     <span class='ocr_line' id='line_1_42' title="bbox 143 2571 963 2615; baseline -0.004 -9"><span class='ocrx_word' id='word_1_354' title='bbox 143 2571 361 2606; x_wconf 85' lang='lat' dir='ltr'>Wordenas.</span> <span class='ocrx_word' id='word_1_355' title='bbox 382 2573 466 2606; x_wconf 91' lang='lat' dir='ltr'>Non</span> <span class='ocrx_word' id='word_1_356' title='bbox 485 2581 613 2606; x_wconf 89' lang='lat' dir='ltr'>moror</span> <span class='ocrx_word' id='word_1_357' title='bbox 631 2573 720 2615; x_wconf 89' lang='lat' dir='ltr'>quid</span> <span class='ocrx_word' id='word_1_358' title='bbox 737 2573 838 2605; x_wconf 80' lang='lat' dir='ltr'>fama</span> <span class='ocrx_word' id='word_1_359' title='bbox 853 2573 963 2606; x_wconf 85' lang='lat' dir='ltr'>ferat.</span> 
     </span>
    </p>
   </div>
   <div class='ocr_carea' id='block_1_3' title="bbox 135 2781 1434 2992">
    <p class='ocr_par' dir='ltr' id='par_1_20' title="bbox 136 2781 1434 2880">
     <span class='ocr_line' id='line_1_43' title="bbox 137 2781 1434 2826; baseline 0 -10"><span class='ocrx_word' id='word_1_360' title='bbox 137 2784 184 2825; x_wconf 92' lang='lat' dir='ltr'>(l)</span> <span class='ocrx_word' id='word_1_361' title='bbox 215 2783 256 2816; x_wconf 84' lang='lat' dir='ltr'>In</span> <span class='ocrx_word' id='word_1_362' title='bbox 280 2784 452 2826; x_wconf 71' lang='lat' dir='ltr'>marffl&#39;ne</span> <span class='ocrx_word' id='word_1_363' title='bbox 471 2793 478 2816; x_wconf 92' lang='lat'>:</span> <span class='ocrx_word' id='word_1_364' title='bbox 499 2783 576 2816; x_wconf 84' lang='lat' dir='ltr'>Lex</span> <span class='ocrx_word' id='word_1_365' title='bbox 593 2783 769 2816; x_wconf 86' lang='lat' dir='ltr'>bifariam</span> <span class='ocrx_word' id='word_1_366' title='bbox 787 2783 952 2824; x_wconf 83' lang='lat' dir='ltr'>acceptu,</span> <span class='ocrx_word' id='word_1_367' title='bbox 972 2781 1187 2825; x_wconf 81' lang='lat' dir='ltr'>theologice</span> <span class='ocrx_word' id='word_1_368' title='bbox 1205 2782 1242 2816; x_wconf 91' lang='lat' dir='ltr'>et</span> <span class='ocrx_word' id='word_1_369' title='bbox 1259 2782 1434 2816; x_wconf 87' lang='lat' dir='ltr'>civiliter.</span> 
     </span>
     <span class='ocr_line' id='line_1_44' title="bbox 136 2838 1005 2880; baseline -0.003 -8"><span class='ocrx_word' id='word_1_370' title='bbox 136 2840 184 2880; x_wconf 79' lang='lat'>(2)</span> <span class='ocrx_word' id='word_1_371' title='bbox 274 2838 380 2872; x_wconf 79' lang='lat' dir='ltr'>Idem</span> <span class='ocrx_word' id='word_1_372' title='bbox 472 2849 479 2871; x_wconf 91' lang='lat'>:</span> <span class='ocrx_word' id='word_1_373' title='bbox 499 2839 629 2872; x_wconf 85' lang='lat' dir='ltr'>Prima</span> <span class='ocrx_word' id='word_1_374' title='bbox 646 2838 690 2871; x_wconf 91' lang='lat' dir='ltr'>Ti</span> <span class='ocrx_word' id='word_1_375' title='bbox 717 2859 911 2870; x_wconf 88' lang='grc'><strong>......</strong></span> <span class='ocrx_word' id='word_1_376' title='bbox 938 2862 947 2876; x_wconf 86' lang='grc'><strong>,</strong></span> <span class='ocrx_word' id='word_1_377' title='bbox 975 2838 1005 2869; x_wconf 93' lang='grc'>1.</span> 
     </span>
    </p>

    <p class='ocr_par' dir='ltr' id='par_1_21' title="bbox 135 2893 1151 2935">
     <span class='ocr_line' id='line_1_45' title="bbox 135 2893 1151 2935; baseline -0.001 -9"><span class='ocrx_word' id='word_1_378' title='bbox 135 2894 184 2935; x_wconf 91' lang='grc'>(3)</span> <span class='ocrx_word' id='word_1_379' title='bbox 274 2893 378 2927; x_wconf 82' lang='lat' dir='ltr'>Idem</span> <span class='ocrx_word' id='word_1_380' title='bbox 470 2904 478 2926; x_wconf 69' lang='grc' dir='ltr'><strong><em>ε</em></strong></span> <span class='ocrx_word' id='word_1_381' title='bbox 498 2893 690 2932; x_wconf 87' lang='lat' dir='ltr'>Quatenus</span> <span class='ocrx_word' id='word_1_382' title='bbox 708 2894 946 2926; x_wconf 87' lang='lat' dir='ltr'>serviendum</span> <span class='ocrx_word' id='word_1_383' title='bbox 963 2893 1151 2926; x_wconf 87' lang='lat' dir='ltr'>charitati.</span> 
     </span>
    </p>

    <p class='ocr_par' dir='ltr' id='par_1_22' title="bbox 137 2948 983 2992">
     <span class='ocr_line' id='line_1_46' title="bbox 137 2948 983 2992; baseline 0 -11"><span class='ocrx_word' id='word_1_384' title='bbox 137 2950 184 2992; x_wconf 80' lang='lat'>(4)</span> <span class='ocrx_word' id='word_1_385' title='bbox 274 2948 379 2984; x_wconf 87' lang='lat' dir='ltr'>Idem</span> <span class='ocrx_word' id='word_1_386' title='bbox 471 2959 478 2983; x_wconf 89' lang='lat'>:</span> <span class='ocrx_word' id='word_1_387' title='bbox 498 2950 745 2983; x_wconf 80' lang='lat' dir='ltr'>Sacerdotum</span> <span class='ocrx_word' id='word_1_388' title='bbox 762 2948 983 2983; x_wconf 80' lang='lat' dir='ltr'>coelibatus.</span> 
     </span>
    </p>
   </div>
  </div>
 </body>
</html>
