2096 3481
266 217 307 247 40
664 185 672 195 ’
955 208 1093 243 ANNo
1118 209 1200 242 1521

267 333 390 366 nymo,
408 321 603 355 constituti
620 320 785 356 fuerunt,
805 319 859 351 ita
875 327 985 356 nunc,
1002 319 1163 361 urgente
1182 318 1418 357 necessitate,
1437 320 1551 361 prout
1566 328 1698 353 eorum
1715 320 1899 355 incumbit

266 379 401 413 officio.
427 377 659 409 constituant
681 384 721 407 se
744 382 893 406 murum
917 381 986 414 pro
1011 372 1151 415 populo
1176 373 1396 412 christiano,
1423 383 1498 406 non
1526 374 1683 407 tacendo
1709 376 1897 418 tamquam

263 443 374 466 canes
388 432 481 465 muti
498 441 571 464 non
589 430 757 463 volentos
774 428 927 465 latrare,
942 428 1008 460 scd
1025 428 1258 461 incessanter
1281 428 1477 460 clamando
1495 429 1534 462 et
1549 428 1750 463 exaltando
1766 440 1896 465 vocem

265 492 301 521 et
318 486 568 529 praedicando
587 487 624 517 et
641 483 851 526 praedicari
864 482 1036 515 faciendo
1054 483 1209 515 verbum
1225 483 1293 515 Dei
1308 493 1350 515 ac
1367 483 1565 516 veritatem
1581 484 1670 517 fidei
1687 485 1896 520 catholicae

265 545 397 576 contra
413 542 609 573 damnatos
627 538 807 572 articulos
825 539 863 570 et
879 537 1093 570 haereticos
1111 538 1359 579 supradictos.

309 600 331 639 ξ
353 597 385 629 6.
412 597 567 629 Necnon
593 594 766 627 omnibus
798 594 836 625 et
865 591 1027 634 singulis
1051 592 1326 634 parochialium
1350 592 1595 625 ecclesiarum
1618 594 1829 628 rectoribus
1855 604 1898 628 ac

266 652 456 694 religiosis
484 656 804 691 quorumcumque
833 647 1020 684 ordinum,
1051 647 1166 679 etiam
1194 648 1501 685 mendicantium,
1539 649 1723 690 exemptis
1751 650 1789 682 et
1823 659 1898 683 non

266 707 462 748 exemptis,
482 707 522 737 ut
534 703 802 746 praemittitur,
827 701 1004 734 similiter
1020 701 1059 733 in
1076 702 1216 735 virtute
1233 703 1385 735 sanctae
1403 702 1640 736 obedientiae
1664 704 1897 744 mandamus,

269 766 308 794 ut
326 762 421 793 sicut
441 760 511 801 ipsi
530 760 647 792 nubes
665 767 686 790 a
703 757 863 790 Domino
881 756 1077 788 constituti
1094 757 1192 794 sunt,
1208 757 1262 789 ita
1278 756 1514 798 spiritualem
1530 757 1689 791 imbrem
1705 759 1745 791 in
1761 759 1900 801 populo

270 817 340 850 Dei
365 816 563 853 seminare,
583 816 621 847 et
645 814 777 845 contra
793 811 1030 852 supradictos
1048 811 1240 850 articulos,
1259 813 1301 844 ut
1323 812 1551 853 praefertur,
1579 813 1786 852 damnatos,
1806 814 1904 847 sicut

270 872 383 905 etiam
407 879 538 904 corum
563 868 746 901 incumbit
770 867 906 904 officio,
924 865 1074 907 publice
1098 866 1293 907 publicare
1310 876 1385 899 non
1401 868 1622 913 vereantur3
1642 868 1823 910 scriptum
1847 870 1905 902 est

269 927 382 963 enim,
412 925 511 967 quod
538 925 707 966 perfecta
734 921 898 954 charitas
926 922 1028 953 foras
1056 921 1174 953 mittit
1201 921 1387 953 timorem.
1414 922 1488 954 Vos
1515 922 1646 964 igitur,
1672 924 1711 956 et
1737 925 1904 956 vestrum

269 980 410 1023 singuli
435 989 528 1012 onus
557 980 632 1011 tam
660 976 846 1010 meritorii
871 976 1022 1018 negocii
1050 976 1185 1008 devota
1210 977 1337 1009 mente
1361 976 1623 1018 suscipientes,
1648 987 1713 1010 vos
1736 978 1775 1010 in
1799 977 1902 1011 illius

271 1035 494 1069 executione
519 1034 571 1066 sic
597 1033 764 1065 solicitos
793 1041 835 1064 ac
859 1030 973 1063 verbo
1002 1032 1041 1063 et
1071 1040 1185 1072 opere
1217 1031 1406 1063 studiosos
1438 1033 1550 1072 atque
1574 1031 1776 1075 diligentes
1801 1033 1904 1066 exhi-

269 1091 402 1128 beatis,
422 1090 521 1131 quod
539 1098 584 1122 ex
603 1088 737 1121 vestris
762 1086 967 1124 laboribus,
987 1085 1115 1118 divina
1138 1085 1247 1118 nobis
1274 1086 1424 1118 favente
1447 1087 1582 1128 gratia,
1601 1088 1743 1129 sperati
1758 1088 1904 1120 fructus

270 1145 483 1182 adveniant,
514 1154 556 1176 ac
584 1152 651 1184 per
679 1141 958 1175 solicitudinem
987 1141 1167 1179 nostram,
1198 1149 1294 1181 quae
1321 1150 1453 1173 causas
1481 1142 1563 1183 pias
1590 1143 1812 1184 gerentibus
1835 1151 1905 1184 pro

271 1200 522 1234 retributione
540 1199 710 1236 debetur,
729 1196 891 1238 palmam
909 1195 1055 1238 gloriae
1079 1205 1154 1228 non
1179 1195 1301 1228 solum
1326 1196 1506 1237 consequi
1522 1197 1756 1236 mereamini,
1774 1206 1905 1230 verum

272 1256 386 1289 etiam
417 1255 516 1296 apud
547 1263 614 1286 nos
655 1254 693 1285 et
727 1252 855 1284 sedem
886 1251 1118 1292 praedictam
1150 1260 1225 1283 non
1256 1250 1446 1284 immerito
1478 1250 1656 1291 valeatis,
1693 1252 1740 1286 de
1774 1253 1907 1286 exacta

273 1310 472 1353 diligentia
488 1310 613 1342 vestra
629 1307 782 1340 uberius
807 1306 1075 1338 commendari.

315 1365 386 1405 57.
412 1365 563 1402 Verum,
594 1363 683 1404 quia
713 1361 866 1394 difficile
897 1362 998 1393 foret
1023 1361 1244 1402 praesentes
1273 1360 1539 1393 declarationis
1571 1362 1610 1394 et
1639 1361 1907 1403 publicationis

274 1421 406 1454 literas
433 1420 479 1452 ad
506 1417 759 1460 praesentiam
791 1418 829 1449 et
861 1425 1062 1457 personam
1089 1416 1282 1457 propriam
1310 1416 1465 1448 Martini
1489 1417 1528 1448 et
1555 1416 1715 1449 aliorum
1743 1416 1907 1450 declara-

275 1477 399 1508 torum
424 1476 462 1507 et
486 1472 895 1506 excommunicatorum
920 1471 1135 1512 hujusmodi
1159 1470 1413 1512 personaliter
1438 1471 1636 1509 deducere,
1661 1472 1818 1513 propter
1850 1471 1905 1504 eis

274 1530 480 1563 faventium
497 1528 717 1570 potentiam,
736 1526 920 1564 volumus,
939 1527 981 1558 ut
997 1526 1123 1558 affixio
1149 1527 1188 1558 et
1210 1525 1414 1566 publicatio
1436 1527 1693 1567 praesentium
1709 1526 1906 1560 literarum

275 1586 314 1618 in
339 1585 455 1618 valvis
484 1585 641 1616 duarum
669 1581 943 1614 cathedralium
971 1590 1038 1613 seu
1065 1580 1346 1622 metropolitan.
1381 1582 1446 1613 aut
1472 1581 1583 1614 unius
1611 1581 1838 1615 cathedralis
1869 1582 1909 1615 et

275 1640 431 1673 alterius
460 1637 775 1679 metropolitanae
803 1637 842 1668 in
871 1636 971 1668 dicta
997 1635 1195 1668 Alemania
1222 1636 1509 1669 consistentium
1548 1636 1806 1675 ecclesiarum,
1839 1645 1908 1678 per

273 1704 388 1728 unum
416 1704 462 1727 ex
491 1693 637 1726 nunciis
668 1691 807 1724 nostris
836 1691 977 1723 ibidem
1006 1691 1256 1723 existentibus
1283 1691 1395 1729 facta,
1424 1691 1464 1723 in
1492 1700 1557 1724 eos
1585 1691 1680 1734 liget
1710 1692 1749 1724 et
1773 1692 1904 1730 arctet,

278 1750 557 1789 Martinumque
575 1749 613 1780 et
630 1747 723 1780 alios
741 1746 951 1778 declaratos
969 1746 1164 1778 damnatos
1184 1745 1400 1787 hujusmodi
1417 1746 1651 1779 demonstret
1673 1746 1712 1779 in
1736 1746 1909 1779 omnibus

280 1807 318 1838 et
335 1814 402 1846 por
419 1804 555 1842 omnia,
576 1802 652 1835 acsi
669 1802 723 1834 eis
742 1802 780 1834 et
795 1810 927 1834 eorum
943 1800 1100 1834 cuilibet
1114 1800 1367 1842 personaliter
1383 1801 1578 1834 intimatae
1595 1802 1633 1834 et
1647 1801 1910 1843 praesentatae

279 1860 452 1892 fuissent.

323 1916 345 1955 ἓ
361 1914 392 1947 8.
420 1914 467 1947 Et
484 1913 572 1954 quia
589 1913 702 1945 etiam
720 1910 873 1943 difficile
890 1911 990 1943 foret
1005 1911 1225 1952 praesentes
1242 1910 1373 1944 literas
1397 1911 1444 1943 ad
1467 1910 1618 1953 singula
1634 1919 1804 1952 quaeque
1828 1910 1911 1944 loca

281 1971 443 2007 deferre,
470 1969 508 2000 in
537 1968 671 2008 quibus
700 1975 829 1999 earum
856 1965 1061 2007 publicatio
1090 1966 1304 1998 necessaria
1329 1967 1441 2004 foret,
1467 1965 1640 1998 volumus
1671 1967 1710 1998 et
1739 1966 1912 2007 praefata

280 2024 503 2057 auctoritate
532 2022 780 2059 decernimus,
812 2021 911 2061 quod
943 2029 1073 2053 earum
1104 2021 1362 2062 transumptis,
1399 2020 1526 2063 sigillo
1559 2020 1718 2061 aliqu'us
1748 2020 1910 2062 praelati

282 2078 529 2112 ecclesiastici
546 2087 611 2110 seu
629 2086 675 2110 ex
693 2076 840 2109 nunciis
857 2076 996 2108 nostris
1013 2075 1216 2117 praedictis
1233 2076 1400 2114 munitiS,
1416 2076 1454 2108 et
1466 2085 1578 2108 manu
1595 2075 1754 2117 alicujus
1769 2075 1912 2117 publici

282 2134 420 2167 notarii
460 2133 686 2173 subscriptio
726 2132 865 2172 ubique
898 2132 1030 2169 stetur,
1063 2131 1177 2172 prout
1206 2131 1469 2172 praesentibus
1502 2130 1751 2173 originalibus
1789 2129 1912 2164 literis

280 2191 457 2226 staretur,
478 2188 510 2220 si
527 2188 655 2220 essent
671 2186 862 2219 exhibitae
879 2185 937 2218 vel
956 2187 1141 2218 ostensae.

323 2245 346 2284 ,ξ
368 2243 400 2275 9.
435 2244 519 2276 Non
560 2242 795 2274 obstantibus
831 2241 1163 2273 constitutionibus
1203 2241 1241 2273 et
1275 2240 1576 2273 ordinationibus
1615 2240 1832 2282 apostolicis
1871 2249 1914 2273 ac

283 2299 454 2331 omnibus
469 2297 559 2339 illis,
575 2306 670 2338 quae
684 2297 722 2329 in
736 2296 926 2338 prioribus
940 2296 1062 2328 literis
1077 2295 1216 2328 nostris
1233 2296 1438 2337 praedictis
1455 2295 1641 2328 voluimus
1656 2305 1730 2328 non
1748 2295 1912 2335 obstare,

284 2354 518 2393 caeterisque
535 2352 736 2385 contrariis
753 2352 1064 2392 quibuscumque.

328 2410 350 2449 g
376 2407 426 2440 lO.
454 2407 558 2440 Nulli
584 2416 675 2450 ergo
701 2407 853 2439 omnino
878 2406 1073 2439 hominum
1097 2405 1210 2439 liceat
1233 2406 1329 2439 hanc
1355 2405 1532 2448 paginam
1557 2408 1709 2439 nostrae
1736 2405 1915 2438 constitu-

286 2463 412 2501 tionis,
440 2462 717 2500 declarationis,
741 2462 946 2503 praecepti,
972 2461 1151 2499 mandati,
1178 2461 1456 2504 assignationis,
1483 2461 1686 2494 voluntatis
1709 2463 1748 2494 et
1771 2461 1914 2494 decreti

285 2518 495 2559 infringere
512 2517 569 2550 vel
595 2518 629 2550 ei
647 2526 739 2549 ausu
757 2517 958 2549 temerario
976 2517 1177 2549 contraire.
1199 2516 1237 2549 Si
1255 2516 1337 2557 quis
1355 2517 1480 2549 autem
1503 2516 1574 2548 hoc
1598 2517 1783 2549 attentare
1806 2525 1913 2557 prae-

287 2573 500 2613 sumpserit,
534 2572 832 2614 indignationem
879 2572 1148 2613 omnipotentis
1180 2571 1249 2604 Dei
1284 2580 1327 2603 ac
1363 2571 1560 2604 beatorum
1591 2571 1698 2604 Petri
1732 2572 1770 2604 et
1803 2570 1914 2604 Pauli

287 2627 544 2668 apostolorum
568 2627 650 2668 ejus
667 2636 707 2659 se
726 2627 874 2659 noverit
897 2627 1150 2659 incursurum.

332 2683 467 2714 Datum
484 2682 627 2714 Romae
654 2683 751 2723 apud
769 2683 939 2714 sanetum
957 2682 1126 2720 Petrum,
1145 2690 1243 2714 anno
1267 2680 1543 2714 Incarnationis
1560 2681 1780 2714 Dominicae
1796 2680 1915 2714 mille-

288 2738 381 2769 simo
399 2737 701 2778 quingentesimo
719 2737 902 2779 vigesimo
920 2737 1055 2778 primo,
1075 2737 1188 2769 tertio
1213 2745 1331 2769 nonas
1348 2736 1371 2770 J
1375 2745 1519 2775 anuar.‚
1537 2736 1778 2778 pontificatus
1795 2737 1915 2769 nostri

291 2801 388 2824 anno
407 2793 550 2824 octavo.

636 2847 818 2890 Magnum
845 2845 1060 2880 Bullarium
1086 2846 1309 2886 Romanum,
1328 2847 1411 2881 (leel
1428 2846 1458 2886 Ι,
1472 2846 1542 2880 blz.
1560 2845 1715 2879 614-615.
