2096 3481
846 275 984 309 ANNO
1011 275 1093 308 1521
1749 278 1790 310 53

151 391 304 424 fuerant
335 390 452 422 allati.
487 389 675 428 Quantum
707 396 796 419 vero
829 387 874 418 ad
907 386 1185 418 revocationem
1218 387 1364 422 attinet.
1401 387 1600 418 terminum
1638 387 1707 419 sibi
1744 388 1789 419 ad

151 446 456 487 respondendum
486 444 566 477 dari
594 443 716 485 petiit,
747 441 822 483 qui.
854 441 1023 482 quamvis
1052 442 1186 473 merito
1216 441 1347 483 negari
1377 442 1572 482 potuissit,
1602 444 1677 474 tum
1704 443 1793 483 quia

152 501 338 534 novitates
362 502 400 532 et
425 508 576 532 errores
601 499 637 531 in
663 498 736 529 fide
762 496 866 529 nulla
889 497 976 528 sunt
995 496 1176 529 dilatione
1195 497 1394 533 tractandi,
1415 497 1478 528 sed
1498 497 1622 529 statim
1642 498 1791 538 penitus

150 555 360 592 resecandi,
381 556 458 587 tum
477 555 565 595 quia
581 563 627 586 ex
653 553 828 585 mandato
855 553 985 583 nostro
1011 552 1081 584 sibi
1106 551 1276 594 legitime
1302 553 1490 584 insinuato
1510 562 1653 585 necnon
1680 553 1793 585 etiam

150 611 302 646 litteris.
329 620 421 651 quas
446 610 491 642 ad
517 618 602 642 eum
627 608 863 642 dederamus.
888 607 1029 648 optime
1054 607 1267 640 admonitus
1295 616 1406 648 quam
1435 608 1481 638 ob
1510 616 1659 640 eausam
1690 617 1794 640 voca-

151 667 269 701 retur.
297 675 370 698 non
397 665 468 697 nisi
493 664 620 696 statim
650 663 883 703 respondere
912 663 1065 703 paratus
1098 663 1142 695 ad
1177 665 1320 695 tantum
1354 662 1560 703 imperialis
1588 665 1794 695 conventus

150 730 368 754 consessum
386 720 515 753 venire
541 718 744 753 debuisset.
766 719 889 750 tamen
916 727 961 749 ex
988 719 1117 750 nostra
1132 717 1334 750 clementia
1357 719 1395 749 et
1416 718 1664 757 benignitate,
1684 719 1794 750 unius

151 776 273 810 adhue
301 775 376 808 diei
405 774 608 807 terminum
640 773 686 806 ad
719 773 1025 814 respondendum
1057 773 1128 805 sibi
1162 773 1345 805 dedimus.
1377 772 1458 811 Quo
1491 772 1632 814 elapso,
1663 783 1793 806 rursus

149 840 275 864 coram
303 831 410 863 nobis
434 831 472 862 et
500 828 704 871 praedictis
735 828 930 860 ordinibus
960 828 1047 869 imp.
1078 838 1313 869 comparens,
1344 830 1382 860 et
1410 827 1595 860 similibus
1624 828 1794 861 adhorta-

151 887 317 919 tionibus
342 885 504 926 saepius,
532 886 573 916 ut
597 885 641 916 ad
667 892 732 916 cor
756 883 911 918 rediret,
931 883 1172 925 efflagitatus,
1193 882 1458 924 pollicentibus
1483 883 1596 915 ctiam
1623 884 1741 921 nobis,
1762 885 1793 916 si

149 941 393 982 resipisceret
424 948 652 980 erroresque
680 948 768 971 suos
797 939 1034 980 agnosceret,
1065 940 1103 970 ct
1127 948 1223 979 quac
1252 939 1288 970 in
1315 938 1392 970 suis
1417 937 1524 969 libris
1554 939 1729 971 damnata
1756 941 1795 971 et

149 996 249 1030 mala
273 996 411 1031 essent,
438 995 646 1032 revocaret,
681 993 792 1026 facile
819 1003 885 1025 nos
911 993 1192 1035 impetraturos,
1224 995 1265 1025 ut
1293 1002 1314 1025 a
1340 993 1575 1025 beatitudine
1602 994 1792 1035 pontilicis

150 1053 187 1084 in
206 1051 368 1094 gratiam
385 1051 549 1092 benigne
566 1049 815 1090 reciperetur,
835 1050 873 1081 ct
891 1049 1059 1081 adhibito
1078 1048 1193 1085 fideli,
1214 1058 1334 1089 aequo
1353 1049 1391 1080 et
1409 1048 1582 1089 diligenti
1606 1050 1791 1085 examine,

150 1117 195 1140 ex
220 1106 338 1148 ipsius
356 1105 476 1143 libris,
495 1113 591 1146 quae
608 1104 708 1137 mala
724 1104 941 1145 scripserat,
962 1104 1267 1141 secernerentur,
1288 1112 1384 1144 quae
1412 1112 1500 1136 vero
1526 1104 1636 1141 bona,
1665 1104 1794 1136 autho-

149 1163 262 1195 ritate
291 1160 499 1203 apostolica
526 1160 841 1201 approbarentur,
876 1168 916 1191 se
945 1168 991 1191 ne
1017 1159 1173 1191 verbum
1203 1159 1355 1199 quidem
1379 1159 1417 1190 in
1444 1159 1522 1191 suis
1547 1158 1654 1191 libris
1678 1161 1796 1192 muta-

151 1220 290 1255 turum,
309 1215 612 1258 imprudentibus
630 1214 741 1247 simul
759 1215 798 1247 et
814 1214 1097 1255 impudentibus
1115 1214 1239 1247 verbis
1258 1214 1410 1255 orisque
1429 1215 1466 1246 et
1483 1215 1653 1255 eorporis
1671 1216 1793 1256 gestu,

150 1272 307 1314 quodvis
348 1271 475 1313 potius
521 1279 633 1311 quam
668 1269 892 1312 religiosum
928 1271 993 1302 aut
1027 1278 1159 1302 sanum
1195 1269 1387 1301 hominem
1427 1278 1519 1310 prae
1556 1279 1596 1302 se
1633 1271 1791 1308 serente,

149 1327 387 1369 apertissime
415 1326 579 1369 negavit.
607 1325 835 1363 Quinimmo,
862 1325 899 1357 in
926 1325 1095 1357 nostram
1113 1325 1151 1357 et
1167 1325 1265 1357 sacri
1281 1325 1433 1366 imperii
1460 1325 1608 1363 faciem,
1635 1334 1795 1357 summo-

149 1392 233 1416 rum
273 1382 426 1415 decreta
463 1381 684 1423 pontificum
719 1381 758 1412 et
792 1379 955 1412 concilia
992 1380 1075 1421 ipsa
1109 1381 1351 1412 sacrosancta
1385 1389 1533 1413 errasse
1573 1381 1723 1422 saepius
1755 1382 1794 1413 et

149 1438 221 1471 sibi
238 1438 330 1479 ipsis
347 1436 622 1470 contradixisse
645 1437 684 1468 et
708 1435 859 1467 tandem
883 1435 1023 1467 nullius
1049 1436 1147 1476 apud
1173 1444 1213 1468 se
1237 1435 1418 1468 momenti
1442 1436 1525 1468 fore
1550 1436 1790 1473 asseveravit,

149 1502 265 1534 seque
290 1492 383 1525 nihil
409 1501 455 1524 ex
480 1491 552 1529 his,
578 1500 674 1532 quae
699 1490 916 1531 scripserat,
942 1491 1220 1528 revocaturum,
1247 1490 1319 1522 nisi
1350 1491 1514 1523 evidenti
1545 1491 1617 1522 sibi
1645 1491 1793 1524 ratione

149 1550 188 1581 et
214 1556 344 1581 sacrae
368 1547 579 1588 scripturae
607 1545 903 1578 authoritatibus
931 1546 977 1578 ad
1002 1554 1092 1577 suae
1120 1545 1374 1578 conscientiae
1407 1546 1597 1586 animique
1630 1546 1795 1578 satisfac-

150 1604 292 1636 tionem
324 1603 363 1635 et
393 1611 589 1635 assensum
620 1601 738 1633 fuerit
773 1600 978 1637 convietus,
1009 1600 1103 1633 illud
1132 1600 1290 1633 subinde
1322 1601 1499 1642 repetens
1531 1602 1569 1633 et
1600 1601 1793 1634 inculcans

149 1660 237 1701 (quo
251 1658 427 1691 fraudum
445 1666 598 1689 suarum
611 1656 726 1693 virus,
741 1656 817 1697 Jam
832 1655 961 1688 multis
976 1655 1103 1698 detegi
1120 1656 1308 1697 coeptum,
1325 1655 1547 1697 occultaret)
1561 1657 1795 1689 conscientia

151 1714 222 1746 sibi
239 1713 372 1746 illaesa
387 1714 426 1745 et
442 1713 604 1754 integra,
624 1720 746 1752 neque
763 1710 861 1743 velle
879 1720 919 1743 se
934 1720 1054 1752 neque
1072 1721 1182 1752 posse
1202 1711 1359 1743 verbum
1378 1711 1448 1744 Dei
1466 1711 1678 1744 immutare.
1696 1712 1796 1744 Mala

150 1778 268 1807 menS,
299 1767 420 1801 malus
449 1767 607 1800 animus.
640 1766 753 1805 Quasi
782 1775 870 1799 vero
900 1775 967 1798 nos
997 1767 1033 1797 id
1062 1766 1107 1799 ab
1136 1776 1180 1798 eo
1210 1766 1440 1807 peteremus,
1468 1768 1508 1798 ut
1540 1768 1695 1799 verbum
1725 1767 1794 1800 Dei

150 1825 380 1859 immutaret,
407 1832 449 1855 ac
474 1832 547 1855 non
572 1822 711 1864 potius,
739 1823 780 1854 ut
802 1821 911 1863 juxta
934 1822 1090 1854 verbum
1116 1821 1185 1854 Dei
1202 1829 1345 1859 verum,
1373 1822 1417 1853 ad
1437 1822 1624 1864 gremium
1642 1824 1792 1855 sanctae

149 1879 282 1912 matris
310 1878 506 1916 ecclesiae,
537 1887 559 1910 a
586 1886 661 1918 qua
688 1878 763 1909 tam
793 1877 909 1918 impie
938 1886 1049 1917 quam
1074 1877 1238 1918 turpiter
1263 1876 1465 1913 defecerat,
1492 1878 1646 1910 rediret.
1678 1878 1792 1918 Cujus

150 1934 431 1971 authoritatem,
465 1942 580 1974 quum
612 1933 755 1965 tantam
786 1931 950 1964 voluerit
981 1941 1064 1964 esse
1093 1932 1276 1965 Dominus
1318 1932 1493 1973 idemque
1534 1933 1634 1965 Deus
1664 1935 1791 1964 noster

148 1990 261 2023 Jesus
290 1989 474 2026 Christus,
502 1989 543 2020 ut
567 1988 631 2029 qui
655 1987 853 2020 eeclesiam
885 1997 958 2019 non
995 1987 1171 2025 audierit,
1206 1988 1382 2028 tanquam
1416 1987 1590 2020 ethnicus
1615 1989 1652 2019 et
1676 1987 1792 2029 publi-

149 2054 264 2078 canus
290 2044 340 2077 sit
364 2044 571 2076 habendus.
596 2043 742 2076 Idcirco
769 2052 843 2074 non
870 2042 1059 2075 immerito
1085 2042 1142 2075 vel
1169 2052 1250 2075 eam
1273 2043 1391 2075 solam
1415 2043 1588 2075 omnibus
1613 2043 1792 2075 inventio-

151 2101 260 2133 nibus
285 2101 324 2133 et
346 2098 591 2132 vaframentis
620 2098 901 2131 haereticorum
927 2097 1041 2139 longe
1067 2099 1352 2131 anteferandam
1385 2108 1494 2130 nemo
1523 2108 1700 2138 unquam.
1721 2098 1791 2130 nisi

150 2155 428 2198 perditissimus
447 2155 484 2187 et
500 2162 588 2186 vere
606 2153 833 2191 haereticus,
853 2154 891 2186 et
908 2153 1098 2185 Lutherus
1114 2153 1308 2195 judicavit,
1328 2154 1391 2194 qui
1410 2155 1451 2185 ut
1468 2154 1617 2185 tandem
1636 2154 1794 2195 egregia

151 2220 219 2244 sua
235 2210 296 2243 hic
313 2211 397 2243 aeta
408 2209 597 2251 condigno
615 2209 694 2241 sine
711 2208 918 2246 clauderet,
938 2209 976 2241 et
993 2209 1093 2249 quod
1111 2209 1273 2250 pessime
1292 2209 1523 2249 incoeperat,
1542 2209 1650 2249 pejus
1669 2209 1794 2241 termi-

152 2268 260 2299 naret
282 2267 321 2298 et
345 2265 435 2306 quid
460 2264 576 2297 animi
599 2264 737 2297 habeat
758 2264 797 2296 et
819 2273 931 2304 quam
956 2263 1125 2297 fidelium
1149 2263 1255 2297 clade
1281 2263 1437 2302 exultet,
1463 2263 1521 2296 vel
1549 2264 1585 2296 in
1611 2265 1738 2296 nostro
1757 2265 1795 2296 et

151 2321 249 2354 sacri
265 2320 416 2363 imperii
444 2320 648 2361 conspectu
677 2319 917 2351 dissimulare
941 2328 1014 2351 non
1040 2319 1175 2360 potuit.
1203 2319 1312 2355 Nam,
1339 2319 1488 2351 detorta
1512 2320 1567 2360 (ut
1592 2319 1793 2352 haereticis

151 2386 232 2409 mos
256 2377 327 2417 est)
352 2385 374 2409 a
397 2384 486 2408 vero
508 2384 621 2408 sensu
646 2375 693 2407 ad
716 2383 821 2407 suam
847 2374 1080 2416 impietatem
1108 2374 1328 2417 evangelica
1351 2374 1418 2407 illa
1445 2375 1634 2407 sententia
1668 2384 1675 2406 :
1707 2375 1792 2408 Nou

150 2432 234 2465 veni
249 2432 393 2465 mittere
402 2440 548 2475 pacem,
565 2428 828 2474 sedqladium.
856 2430 1024 2462 omnium
1042 2430 1126 2468 sibi,
1147 2430 1253 2467 dixit,
1279 2430 1590 2471 Jucundissimam
1616 2430 1726 2462 istam
1752 2430 1789 2462 in

151 2487 264 2520 rebus
281 2487 417 2520 faciem
435 2486 567 2523 videri,
593 2485 639 2518 ob
657 2485 813 2518 verbum
832 2485 914 2523 Dei,
934 2485 1059 2518 studia
1075 2486 1113 2518 ct
1130 2485 1380 2518 dissentiones
1406 2485 1500 2518 fieri.
1528 2484 1570 2518 Id
1595 2486 1653 2517 est
1677 2485 1791 2526 (quod

152 2542 296 2575 utinam
325 2551 371 2575 ne
399 2541 638 2583 experientia
663 2541 893 2581 videremus)
926 2540 972 2572 ob
1002 2540 1229 2574 dissidentes
1254 2541 1299 2573 ab
1325 2540 1507 2573 ecclesiae
1531 2541 1608 2573 ritu
1633 2540 1791 2573 Lutheri

153 2598 363 2639 opiniones,
398 2606 490 2638 quas
518 2596 624 2629 verbi
655 2596 726 2629 Dei
756 2596 853 2629 falso
883 2596 993 2628 titulo
1023 2596 1222 2637 praetexit.
1258 2605 1345 2629 vere
1378 2596 1503 2629 studia
1533 2596 1724 2629 contraria
1755 2598 1793 2629 et

154 2653 409 2686 dissensiones
445 2653 484 2685 et
518 2652 675 2684 dissidia
708 2653 746 2685 et
773 2651 979 2684 schismata
1007 2653 1045 2683 et
1072 2651 1172 2684 bella
1204 2653 1242 2684 et
1272 2652 1406 2685 caedes
1439 2653 1476 2684 et
1506 2651 1658 2693 rapinas
1692 2651 1792 2684 inter

153 2707 380 2741 christianos
408 2707 604 2740 concitari.
635 2706 718 2740 Tali
746 2707 876 2749 igitur,
907 2708 945 2739 et
970 2708 1043 2739 tam
1072 2707 1230 2740 subdola
1254 2709 1365 2748 atque
1391 2707 1592 2740 haereticis
1620 2707 1792 2739 omnibus

154 2763 335 2805 peculiari
361 2763 622 2804 responsione,
649 2762 757 2794 nobis
782 2763 820 2795 et
844 2771 951 2795 sacro
977 2762 1136 2803 imperio
1162 2773 1184 2795 a
1207 2762 1374 2795 Lutliero
1399 2763 1497 2799 data,
1525 2762 1596 2795 etsi
1621 2763 1793 2795 decreve-

154 2827 292 2857 ramus,
312 2819 395 2860 ipso
412 2819 540 2851 statim
557 2818 729 2855 remisso,
745 2818 790 2850 ad
809 2818 993 2851 ulteriora
1005 2819 1184 2860 progredi
1203 2819 1253 2859 (id
1269 2818 1368 2859 quod
1385 2827 1430 2851 ex
1445 2818 1634 2851 sententia
1650 2820 1790 2854 nostra,

155 2884 267 2908 manu
285 2876 416 2906 nostra
442 2874 596 2915 scripta.
626 2874 665 2906 et
687 2874 841 2915 postera
869 2874 929 2906 die
953 2873 1155 2914 publicata,
1177 2873 1315 2906 nemini
1343 2883 1414 2905 non
1441 2875 1614 2906 constare
1639 2875 1789 2915 potest),

156 2931 279 2962 tamen
305 2930 350 2962 ad
374 2938 505 2971 preces
531 2929 696 2961 omnium
726 2929 875 2970 imperii
905 2929 1079 2961 ordinum
1104 2929 1286 2963 inclinati.
1311 2929 1431 2961 adhue
1459 2930 1529 2970 ipsi
1557 2929 1720 2961 triduum
1745 2930 1791 2961 ad

155 2985 454 3027 resipiscendum
479 2985 745 3018 concessimus.
778 2984 858 3023 Quo
895 2986 1064 3026 tempore
1093 2985 1166 3017 duo
1191 2984 1387 3022 electores,
1415 2985 1487 3017 duo
1512 2985 1692 3027 episcopi,
1719 2985 1792 3017 duo
