2096 3481
839 233 976 268 ANNO
1002 234 1085 267 1522
1726 233 1786 265 159

148 347 209 380 vix
225 348 350 380 tamen
368 346 568 380 Enchusen
593 346 772 383 exieram,
791 346 830 378 et
857 353 943 378 ecce
968 345 1053 386 post
1076 352 1136 376 me
1162 343 1301 385 scripte
1319 345 1406 374 sunt
1420 342 1542 380 litere,
1562 341 1781 374 mandantes

149 402 360 436 consulatui
378 403 416 435 et
430 402 561 444 priori,
581 403 622 434 ut
638 401 802 433 vinctum
816 409 874 432 me
888 399 1140 441 perducerent
1157 397 1476 431 Amstelodamum
1492 398 1535 429 ad
1554 397 1782 438 presentiam

150 458 296 490 ducisse
311 457 565 499 Margarethe.
581 455 851 488 Amstelodami
870 454 991 486 adhuc
1009 463 1124 492 cram,
1141 454 1226 485 dum
1243 453 1313 485 hoc
1331 452 1422 484 mihi
1442 453 1622 493 innotuit3
1640 452 1786 484 benedi—

150 514 257 546 cetur
273 513 398 545 autem
416 512 610 549 Dominus,
637 511 700 551 qui
718 519 791 543 non
810 509 967 542 tradidit
985 509 1021 540 in
1041 518 1172 540 manus
1201 509 1412 549 impiorum.
1432 506 1613 548 Zutpbani
1640 516 1787 547 quoque

147 568 274 610 jussus
301 576 383 599 sum
412 567 546 599 sistere
572 564 824 599 tribunalibus
850 565 1046 597 accusatus
1061 574 1081 595 a
1111 564 1332 600 minoribus,
1352 563 1458 603 quasi
1474 572 1566 594 nove
1585 566 1695 602 atque
1711 562 1785 602 jam

152 622 322 655 doctrine
337 623 509 654 damnate
527 621 751 660 seminat0r3
772 619 834 652 ubi
853 620 940 651 dum
958 619 1233 660 interrogabar,
1245 619 1327 658 quis
1341 627 1475 655 essem,
1492 618 1588 648 unde
1607 618 1785 654 venirem,

151 678 189 710 et
212 686 284 718 quo
298 677 572 719 proficiscerer,
591 675 783 717 respondi,
803 676 844 706 ut
860 683 921 705 res
935 673 1077 706 habuit.
1098 674 1339 715 Intcrrogant
1358 682 1444 704 num
1459 672 1503 704 ad
1520 673 1787 713 predicandum

151 732 241 765 illuc
266 733 470 772 venissem3
496 731 574 763 dixi
602 740 661 763 nie
694 739 816 771 neque
852 730 1019 764 missum,
1069 737 1189 769 neque
1229 730 1399 760 vocatum
1444 728 1488 759 ad
1529 727 1787 767 evangelicum

150 796 285 820 munus
314 787 411 830 apud
448 795 488 819 se
516 785 810 827 suscipiendum,
841 793 929 817 vere
971 786 1094 816 tamen
1135 784 1166 816 si
1198 783 1384 825 placuerit
1423 782 1490 820 eis,
1532 782 1695 815 libenter
1730 791 1788 814 me

149 843 382 876 functionem
404 841 508 874 illam
524 841 756 881 subiturum3
776 840 1001 872 dimiserunt
1017 848 1109 882 ergo
1126 847 1198 877 me,
1214 839 1279 871 sed
1295 838 1403 879 penis
1420 838 1721 876 interminantes,
1738 846 1784 869 ne

149 897 210 930 cui
227 897 404 939 loquerer
421 897 467 929 de
482 896 552 929 hac
565 896 758 936 doctrina3
773 895 952 937 respondi
968 904 975 926 :
990 894 1073 927 Non
1088 895 1240 926 vocatus
1257 892 1314 926 vel
1333 893 1473 935 petitus
1488 902 1561 925 non
1573 892 1787 934 predic-abo.

195 952 334 985 Postea
349 952 434 985 veni
452 951 608 984 Bremas
623 950 717 983 nihil
735 950 859 983 minus
877 949 1100 991 suspicatus,
1121 957 1232 990 quam
1249 958 1271 981 a
1287 957 1346 981 me
1363 947 1600 990 postularent
1618 948 1783 980 verbum.

150 1007 303 1041 Innotui
320 1008 445 1040 tamen
473 1007 616 1039 civibus
634 1005 778 1046 aliquot
802 1005 1010 1043 charitatis,
1038 1005 1173 1045 quibus
1198 1012 1411 1036 sermonem
1439 1012 1461 1036 a
1487 1012 1546 1036 me
1575 1003 1791 1045 petentibus

152 1072 226 1095 non
242 1063 349 1105 potui
367 1072 440 1095 non
459 1062 734 1103 obtemperare.
751 1061 949 1093 Dominica
969 1060 1030 1093 die
1048 1061 1172 1092 autem
1198 1059 1351 1092 Martini
1376 1058 1490 1091 verbo
1508 1067 1577 1100 per
1607 1067 1666 1090 me
1684 1066 1792 1091 evan-

151 1117 324 1160 gelizato,
343 1118 439 1150 citor
456 1126 478 1150 a
493 1117 718 1159 magistratu
735 1116 911 1153 civitatis,
931 1117 969 1148 ct
985 1115 1177 1148 canonicis
1194 1114 1533 1156 interrogantibus,
1553 1122 1620 1146 cur
1637 1114 1674 1146 et
1702 1113 1791 1154 quid

153 1174 239 1206 ante
270 1173 537 1215 predicassem,
556 1172 763 1213 respondi:
790 1172 968 1212 quoniam
1000 1171 1143 1212 petitur
1166 1171 1204 1202 ct
1229 1170 1406 1210 quoniam
1436 1169 1590 1202 verbum
1621 1169 1690 1201 Dei
1719 1178 1792 1200 non

152 1230 253 1261 esset
283 1227 503 1270 alligatum3
538 1227 657 1260 multa
685 1227 820 1260 deinde
852 1235 1002 1258 sursum
1031 1226 1282 1266 deorsumque
1326 1226 1532 1262 versantes,
1567 1224 1792 1256 auctoritate

153 1282 316 1324 presulis
330 1285 368 1315 et
381 1292 459 1321 sua,
486 1283 767 1315 interdixerunt
784 1282 877 1314 mihi
895 1290 1102 1319 sermones,
1129 1281 1193 1313 sed
1212 1280 1275 1312 ubi
1292 1280 1585 1321 respondissem,
1617 1280 1793 1320 oportere

152 1347 212 1370 me
227 1338 304 1371 Deo
322 1337 406 1380 plus
424 1338 578 1370 obedire
596 1347 707 1378 quarn
725 1337 952 1375 hominibus,
970 1346 991 1369 a
1007 1335 1205 1368 consulatu
1233 1336 1368 1377 petunt
1398 1334 1653 1376 repulsionem
1672 1343 1792 1366 meam

155 1393 260 1434 ficri3
279 1394 342 1434 qui
355 1393 645 1434 responderunt,
665 1401 705 1424 se
732 1401 852 1433 neque
869 1391 1097 1433 precepisse,
1119 1399 1240 1432 neque
1257 1390 1516 1432 prohibituros
1539 1399 1598 1422 me
1616 1398 1790 1430 unquam.

157 1450 277 1482 Causa
304 1447 515 1480 devolvitur
532 1447 577 1479 ad
591 1447 810 1488 episcopum
834 1446 1001 1487 (interim
1018 1455 1090 1487 ego
1120 1454 1332 1478 sermonem
1349 1445 1647 1485 continuans...)
1665 1453 1795 1476 convo-

155 1504 289 1536 cantur
314 1501 459 1534 nobiles
491 1502 530 1534 et
559 1501 720 1543 praelati
750 1501 955 1533 diocesium
985 1500 1142 1532 duarum
1171 1500 1217 1532 ad
1235 1499 1412 1540 Bremas3
1442 1499 1505 1540 qui
1534 1499 1726 1531 mittentes
1749 1498 1794 1530 ad

157 1558 420 1600 magistratum
437 1558 476 1590 et
499 1565 567 1598 per
591 1557 781 1588 oratorem
806 1565 923 1602 suum·
939 1556 1075 1597 primo,
1102 1555 1237 1587 deinde
1254 1564 1322 1596 per
1348 1554 1629 1596 suffraganeum
1654 1554 1795 1586 domini

158 1613 392 1654 Bremensis3
412 1621 498 1645 nam
515 1613 791 1654 exaggerantes
808 1601 1001 1652 postulant
1025 1612 1063 1644 et
1085 1610 1154 1643 sub
1186 1609 1350 1642 humano
1367 1610 1613 1651 jurejurando
1639 1610 1797 1652 exigunt

157 1677 218 1702 me
235 1668 332 1701 tradi
361 1668 400 1700 in
424 1676 556 1700 manus
588 1667 767 1709 episcopi,
786 1667 963 1699 vocantes
987 1666 1125 1699 civium
1152 1666 1277 1707 capita
1300 1667 1338 1698 et
1365 1665 1553 1697 artificum
1570 1665 1794 1706 prepositos,

157 1725 200 1757 ut
228 1723 326 1756 votis
355 1722 569 1765 presulibus
597 1722 847 1754 subscribant.
876 1721 1125 1763 Respondent
1157 1729 1299 1759 omneS,
1329 1722 1458 1762 preter
1485 1719 1724 1763 evangelium
1757 1729 1797 1752 se

159 1778 252 1811 nihil
267 1787 289 1811 a
304 1787 364 1811 me
377 1778 577 1816 audivisse,
594 1787 662 1810 nec
690 1786 749 1810 me
764 1777 971 1814 dedituros,
1004 1777 1225 1818 priusquam
1249 1775 1373 1818 palam
1402 1776 1566 1808 viderint
1590 1776 1635 1808 de
1664 1784 1796 1808 errore

159 1834 382 1866 convictum.
399 1832 598 1866 Mitissime
622 1834 708 1874 post
731 1832 803 1864 hoc
819 1831 983 1874 presulis
1011 1833 1174 1874 egerunt
1197 1831 1326 1874 legati,
1353 1832 1391 1863 et
1419 1840 1492 1863 non
1509 1840 1642 1872 parum
1669 1831 1796 1863 favere

159 1889 310 1922 veritati
333 1887 524 1921 nonnullis
541 1888 776 1926 videbantur,
808 1888 853 1920 de
867 1897 939 1928 quo
957 1887 1050 1919 milii
1066 1897 1138 1919 non
1164 1888 1312 1919 constat
1335 1887 1546 1927 quicquam.
1567 1886 1609 1919 In
1636 1886 1795 1919 Domino

160 1945 262 1978 enim
274 1944 435 1982 confido,
470 1953 543 1975 non
576 1943 728 1981 timebo,
755 1943 844 1984 quid
867 1943 982 1975 faciat
1008 1942 1101 1974 mihi
1126 1942 1250 1974 homo.
1282 1942 1413 1983 Spero,
1439 1942 1544 1974 brevi
1570 1943 1605 1974 te
1634 1950 1795 1982 quoquc,

161 1999 381 2032 charissime
397 1999 551 2037 Jacobe,
581 1998 789 2031 vocandum
815 1998 860 2031 ad
874 1997 1219 2039 evangelizandum,
1246 1997 1379 2030 saltem
1410 1997 1670 2030 indesinenter
1694 1997 1798 2029 orate

161 2064 230 2097 pro
247 2055 351 2088 verbi
368 2055 615 2093 incremento,
634 2063 705 2096 ego
724 2054 880 2086 Bremas
906 2062 979 2085 non
998 2053 1181 2092 deseram,
1202 2053 1274 2086 nisi
1291 2052 1478 2085 violenter
1503 2052 1694 2093 expulsus.
1716 2052 1800 2084 Fiat

162 2109 335 2143 voluntas
349 2109 512 2147 Domini,
542 2109 648 2151 cujus
673 2118 825 2142 manum
843 2109 964 2142 sentio
991 2117 1137 2141 mecum
1155 2117 1304 2150 semper
1320 2108 1536 2149 propitiam.

209 2164 320 2199 Venit
343 2174 389 2198 ex
418 2165 652 2207 Hantverpia
673 2165 858 2206 postridie
876 2165 967 2197 civis
982 2165 1133 2206 quidam
1151 2164 1320 2202 Bremas,
1354 2165 1417 2205 qui
1450 2164 1556 2202 dixit,
1591 2163 1801 2205 principem

165 2220 421 2264 Margaretam
444 2220 598 2254 citatam
615 2229 698 2253 esse
715 2220 761 2252 ad
779 2221 1059 2262 imperatorem,
1086 2220 1297 2252 accusatam
1321 2219 1556 2252 crudelitatis
1581 2221 1618 2252 et
1642 2219 1803 2251 avaricie

165 2285 233 2320 per
249 2277 353 2309 curie
378 2275 580 2309 Hollandie
598 2285 640 2308 ac
665 2275 875 2308 Brabancie
903 2277 1083 2308 rectores.
1115 2275 1210 2307 Item
1228 2275 1327 2315 quod
1352 2284 1481 2308 omnes
1499 2276 1638 2307 fratres
1671 2275 1802 2307 domus

166 2333 294 2365 nostre
311 2331 412 2364 ducti
435 2332 587 2364 fuerant
611 2331 657 2364 ad
681 2331 910 2369 Vilvordam,
937 2339 1095 2372 quarum
1119 2338 1206 2372 pars
1224 2331 1378 2362 dimissa
1403 2332 1460 2363 est
1484 2330 1529 2362 ad
1556 2330 1801 2369 Dordracum,

165 2396 253 2430 pars
284 2387 323 2420 in
348 2386 562 2420 libertatem
586 2387 655 2425 ire,
685 2395 758 2427 quo
786 2386 991 2427 voluisset;
1019 2386 1083 2427 qui
1097 2386 1273 2418 dicuntur
1299 2385 1604 2428 Wittenbergam
1628 2386 1801 2426 venturi3

166 2452 254 2485 pars
278 2443 403 2475 autem
424 2451 492 2474 sua
508 2443 641 2483 sponte
664 2442 891 2474 remansisse
911 2451 978 2475 nce
1002 2441 1099 2474 velle
1125 2441 1276 2479 dimitti,
1309 2441 1428 2474 donec
1458 2441 1650 2479 doceatur,
1682 2449 1798 2482 quare

167 2500 243 2531 tam
256 2497 474 2539 turpissime
492 2499 670 2538 tanquam
688 2496 856 2530 latrones
876 2498 951 2529 sint
973 2497 1138 2529 deducti.

213 2552 344 2586 Valete
362 2555 399 2586 et
411 2561 479 2594 pro
496 2562 556 2586 me
573 2554 691 2586 orate.
711 2552 883 2585 Salutant
901 2554 949 2590 tc,
967 2551 1122 2591 Jacobe,
1142 2553 1280 2585 fratres
1299 2561 1427 2585 omnes
1445 2553 1482 2584 in
1502 2552 1650 2585 Bremis
1671 2551 1802 2585 Dirieh

170 2609 384 2647 Vassmern,
404 2607 572 2641 Henrieli
589 2607 775 2640 Erickrel.
795 2607 963 2640 Salutate
981 2608 1018 2640 et
1042 2617 1106 2640 vos
1136 2607 1371 2641 venerabiles
1385 2609 1511 2649 patres
1530 2608 1708 2650 priorem,
1723 2608 1805 2640 bac-

171 2663 369 2702 calaurios,
385 2663 578 2701 lectorem,
592 2663 806 2696 ,Iohannem
825 2662 1113 2696 Petschenstein
1132 2664 1170 2696 et
1187 2672 1316 2696 omncs
1332 2672 1447 2696 meos.

217 2719 353 2752 Datum
370 2719 408 2751 in
426 2718 573 2751 Bremis
591 2727 688 2751 anno
708 2718 792 2751 1522
810 2719 847 2750 in
866 2717 998 2760 vigilia
1013 2718 1200 2751 Andreae.

217 2773 515 2817 Diligentissime
529 2774 663 2816 agatis,
679 2775 720 2806 ut
734 2775 861 2807 nostre
879 2783 940 2806 res
957 2774 1156 2807 mittantur
1183 2783 1251 2816 per
1270 2773 1485 2806 Brunonem
1500 2773 1558 2806 vel
1578 2775 1809 2816 presentium

174 2829 439 2862 exhibitorem.

523 2885 676 2923 GerdeS,
692 2884 861 2918 Historia
877 2883 1178 2928 Reformationis,
1198 2884 1280 2918 dccl
1298 2884 1366 2923 III,
1393 2885 1645 2925 Monumema,
1663 2885 1732 2918 blz.
1753 2885 1805 2923 13,

572 2939 624 2972 15.
642 2939 706 2972 Zie
718 2939 969 2978 Rotcrmund,
988 2940 1153 2974 Leoeikon
1169 2939 1264 2974 aller
1283 2939 1472 2975 Gelehraeen
1487 2940 1678 2983 (Bremen‚
1695 2939 1805 2982 1818),

572 2994 653 3028 dccl
668 2994 796 3034 11,blz.
809 2995 872 3028 272
886 3005 932 3028 en
944 2995 967 3030 J
971 3005 1119 3035 anssen,
1132 2995 1288 3030 Jacobus
1302 2996 1553 3039 Praepositus,
1564 2995 1804 3035 blz.125,259.
