2096 3481
236 287 298 319 31⁶2
923 283 1061 319 ANNO
1087 284 1171 319 1525

231 395 311 428 wilt
342 395 551 432 vocrstaen,
586 394 758 436 gemeret
787 394 950 427 meester
981 394 1139 428 voirseit
1167 395 1226 437 J'nt
1256 397 1457 438 afseeyden
1488 406 1559 430 van
1586 396 1670 431 hier
1696 399 1861 432 meester

235 451 383 484 Pietcrs
400 449 468 482 wel
489 451 524 483 te
541 450 681 483 vreden
699 458 775 482 was
793 449 888 483 ende
906 451 996 492 nyet
1012 450 1148 484 dienen
1165 452 1310 491 woude‚
1330 451 1470 494 gelijek
1485 452 1642 486 voirseit
1657 454 1766 487 staet.

585 526 841 560 Stadsarehief
879 528 916 560 te
955 527 1127 565 Utreeht,
1168 528 1251 562 deel
1283 528 1326 567 B,
1359 528 1441 570 5673
1475 529 1679 572 afgedrukt
1707 531 1757 573 bij
1791 540 1862 565 van

623 579 723 612 Asch
739 588 810 612 van
827 578 966 621 Wijek,
987 577 1148 625 Archief,
1169 580 1250 614 deel
1268 581 1337 620 ΙΙΙ,
1355 580 1424 614 blz.
1446 581 1520 614 149.

987 728 1116 774 264.

304 875 443 921 1525,
473 868 714 913 Februccrz'
733 875 811 921 22,
853 869 1154 928 Wittenbery.
1200 867 1440 911 Uittreksel
1478 867 1541 912 uit
1585 881 1722 911 eenen
1753 867 1868 912 brief

232 956 316 985 van
355 941 520 984 Luther
556 955 639 984 aan
685 941 908 985 Johannes
941 943 1063 998 Lang
1102 955 1207 985 over
1239 942 1316 985 het
1349 940 1622 985 verbranden
1656 956 1740 985 van
1780 941 1862 985 den

230 1010 460 1054 karmeliet
483 1010 709 1054 Bernhard
733 1014 777 1054 te
797 1011 1044 1054 Mechelen.
1266 1019 1272 1022 ”

275 1113 381 1146 Nova
404 1113 465 1146 hie
489 1112 605 1151 nulla,
625 1113 697 1146 nisi
723 1114 822 1155 quod
847 1114 1001 1147 exustus
1026 1114 1164 1146 dieitur
1188 1113 1287 1156 apud
1311 1112 1539 1146 Mechlinam
1562 1121 1631 1154 pro
1654 1112 1769 1146 verbo
1794 1112 1865 1146 Dei

234 1168 477 1202 Bernhardus
494 1168 690 1202 carmelita
707 1169 871 1210 quidam,
891 1169 988 1202 sicut
1002 1170 1041 1203 'et
1057 1169 1245 1202 Henrieus
1262 1169 1392 1201 noster
1408 1168 1447 1200 in
1464 1167 1710 1201 Diethmaria.

582 1246 624 1280 E.
652 1246 693 1279 L.
719 1246 879 1286 Enders,
906 1245 1077 1280 Luther’s
1102 1244 1368 1290 Briefwechsel,
1389 1244 1472 1278 deel
1490 1245 1533 1284 V,
1551 1244 1622 1277 blz.
1649 1244 1804 1278 130-131.
1822 1263 1865 1270 -

626 1301 795 1343 Spalatin
820 1301 969 1335 sehreef
993 1302 1201 1335 daarover:
1230 1314 1245 1327 u
1263 1301 1321 1334 Ex
1347 1300 1525 1334 Inferiori
1549 1299 1751 1333 Germania
1773 1300 1863 1333 seri-

622 1357 782 1390 bebatur
820 1356 1012 1390 nonnullis
1053 1356 1300 1398 principibus,
1341 1355 1578 1388 Bernardum
1616 1355 1863 1395 carmelitam,

623 1413 746 1445 aetate
760 1412 1137 1455 quinquagenarium,
1152 1412 1275 1444 virum
1290 1411 1394 1453 pium
1411 1411 1449 1444 et
1465 1410 1654 1443 eruditum
1671 1411 1709 1444 et
1723 1411 1862 1444 fortem

627 1467 911 1510 evangelistam,
930 1467 969 1499 in
987 1466 1123 1508 oppido
1142 1466 1244 1499 Britz
1258 1465 1412 1507 (Diest2)
1431 1465 1596 1506 quinque
1613 1465 1678 1498 aut
1699 1474 1765 1498 sex
1788 1464 1867 1498 mil-

623 1522 780 1555 liaribus
795 1531 815 1555 a
828 1521 1034 1555 Meehlinia
1048 1522 1255 1564 martyrem
1267 1521 1407 1554 factum
1422 1520 1575 1553 Christi.
1590 1520 1685 1554 Nam
1697 1519 1866 1562 reliquos

625 1577 868 1610 monachos..
887 1603 920 1610 ..
953 1577 1076 1610 tantas
1107 1585 1261 1619 parasse
1299 1575 1470 1615 insidias,
1511 1576 1553 1608 ut
1587 1575 1789 1608 adductum
1826 1575 1866 1609 in

623 1633 803 1666 invidiam
820 1633 997 1674 tanquam
1013 1632 1247 1665 haereticum
1264 1631 1311 1664 ad
1326 1631 1455 1674 ignem
1470 1631 1662 1673 raperent.
1679 1630 1724 1664 In
1736 1630 1866 1673 ignem

625 1689 751 1722 autem
778 1689 837 1721 ter
863 1689 1005 1721 frustra
1028 1687 1267 1729 conjectum:
1294 1695 1380 1719 nam
1403 1686 1531 1729 ignem
1555 1694 1704 1728 semper
1727 1686 1867 1719 extino-

623 1746 703 1776 tum
722 1753 729 1776 ε
750 1744 868 1776 donee
892 1743 1067 1776 inventus
1086 1743 1146 1781 sit,
1166 1742 1230 1783 qui
1246 1741 1383 1774 malleo
1408 1741 1521 1783 eaput
1545 1741 1627 1784 ejus
1643 1749 1865 1783 percussum

625 1799 874 1832 interemerit.
908 1799 1049 1832 Postea
1078 1798 1259 1830 cadavere
1295 1797 1417 1830 denuo
1449 1797 1488 1829 in
1518 1797 1648 1839 ignem
1678 1796 1864 1838 conjecto,

624 1855 753 1897 ignem
770 1855 811 1886 ut
828 1855 938 1887 antea
953 1854 1188 1892 restinctum,
1208 1853 1246 1886 et
1261 1852 1420 1885 cadaver
1437 1860 1484 1885 ex
1501 1851 1621 1885 oeulis
1637 1851 1867 1885 adstantium

626 1910 869 1951 disparuisse,
900 1910 1028 1942 secuta
1055 1908 1244 1941 constanti
1270 1908 1382 1946 fama,
1413 1907 1536 1940 virum
1559 1907 1630 1940 Dei
1656 1907 1696 1939 in
1719 1906 1867 1940 coelum

625 1964 850 1998 translatum
867 1973 962 1997 esse.
985 1979 1000 1992 υ
1018 1982 1061 1988 -
1076 1963 1140 1996 Zie
1163 1963 1322 2002 Enders,
1349 1962 1432 1996 deel
1448 1962 1494 2002 V,
1519 1961 1590 1994 blz.
1616 1961 1691 2001 131,
1717 1962 1810 1994 noot
1831 1962 1865 2002 2,

625 2019 764 2053 alwaar
795 2019 845 2061 hij
883 2020 968 2062 zegt
1000 2028 1008 2051 :
1044 2032 1060 2046 ιι
1079 2019 1149 2051 Die
1179 2017 1375 2051 einzelnen
1401 2016 1606 2060 Vorgange
1632 2016 1696 2050 bei
1725 2017 1867 2050 diesem

625 2075 729 2108 Tode
753 2075 928 2108 stimmen
953 2083 994 2106 so
1018 2073 1221 2107 auffallend
1243 2073 1313 2105 mit
1337 2073 1458 2106 denen
1481 2072 1544 2105 bei
1568 2071 1702 2105 Heinr.
1719 2081 1754 2104 v.
1780 2071 1866 2104 zut-

623 2130 724 2173 phen
756 2130 926 2170 uberein,
960 2130 1044 2163 dass
1077 2128 1173 2162 doch
1203 2127 1397 2162 vielleieht
1431 2127 1515 2161 eine
1545 2125 1867 2170 Verwechselung

625 2185 801 2229 vorliegt.
822 2200 837 2214 „

984 2311 1105 2357 265.

300 2460 440 2506 1525,
481 2453 725 2498 Februari
763 2459 838 2504 23,
868 2445 1437 2508 Antwerpen.Uittrekse1
1476 2443 1539 2488 uit
1579 2456 1716 2486 eenen
1754 2441 1871 2485 brief

231 2539 317 2569 van
353 2526 550 2571 Cornelis
587 2525 816 2582 Grapheus
853 2538 936 2567 aan
967 2523 1176 2566 Albrecht
1213 2522 1368 2574 Differ,
1419 2517 1586 2562 waarin
1635 2515 1863 2572 Grapheus

232 2595 381 2647 meldt‚
428 2595 502 2639 dat
527 2594 578 2638 de
600 2594 754 2644 boden,
793 2593 862 2636 die
901 2593 983 2636 den
1006 2591 1121 2635 brief
1152 2591 1295 2634 zullen
1336 2589 1549 2644 brengen,
1587 2587 1725 2630 Diirer
1758 2597 1864 2628 over

234 2664 376 2721 zijnen
393 2663 596 2708 toestand
616 2664 758 2706 zullen
783 2662 1009 2713 inlichten,
1031 2675 1086 2704 en
1105 2659 1271 2703 waarin
1293 2658 1353 2716 hij
1378 2658 1528 2713 klaagt
1553 2667 1658 2699 over
1688 2653 1741 2697 de
1762 2666 1862 2696 ver-

233 2733 468 2790 volgingen
492 2746 672 2789 wegens
693 2733 769 2776 het
791 2731 1045 2788 Evangelie.

279 2846 287 2855 .
305 2846 312 2854 .
330 2846 362 2854 ..
394 2824 448 2856 De
472 2832 556 2856 meo
580 2824 679 2855 statu
704 2821 799 2855 nihil
823 2822 967 2862 scribo3
993 2820 1033 2853 hi
1056 2819 1257 2858 tabellarii,
1282 2817 1355 2851 viri
1379 2816 1511 2859 optimi
1534 2815 1572 2849 et
1595 2811 1861 2857 syncerissime

235 2877 442 2916 christiani,
463 2879 531 2910 tibi
547 2878 658 2911 facile
675 2877 905 2915 indicabunt,
925 2886 1017 2917 quos
1034 2876 1103 2908 tibi
1120 2876 1325 2915 nostroque
1341 2872 1572 2906 Piroaimero
1590 2878 1659 2902 eeu
1674 2867 1860 2910 meipsum

236 2933 475 2973 commend03
503 2933 607 2975 digni
632 2933 732 2965 enim
757 2937 855 2970 sunt,
882 2932 945 2972 qui
964 2931 1114 2972 optimis
1139 2929 1349 2971 quibusque
1374 2928 1473 2968 (eum
1497 2925 1629 2967 optimi
1645 2923 1734 2964 sint)
1751 2921 1859 2955 valde

235 2989 554 3022 commendentur.
585 2988 689 3027 Vale,
719 2988 771 3020 mi
799 2986 1019 3020 charissime
1045 2985 1213 3019 Alberte.
1245 2984 1355 3026 Apud
1383 2991 1450 3015 nos
1477 2989 1615 3024 magna
1638 2980 1676 3013 et
1699 2976 1857 3010 subinde
