2096 3481
822 230 888 263 AN
894 229 924 262 N
930 229 958 263 Ο
986 229 1068 262 1525
1691 229 1753 261 435

181 338 396 373 Wordenas.
423 338 576 372 Minime
601 339 784 382 gentium,
810 339 841 371 si
866 339 976 372 modo
1002 338 1239 372 consentiant
1264 337 1491 380 Scripturae,
1519 337 1617 379 quod
1642 337 1753 370 toties

130 394 290 428 inculco.

172 449 430 484 Enchusanus.
464 449 559 487 Quid
592 449 637 482 de
669 448 744 482 illis
776 449 926 481 statutis
958 458 1101 486 censes,
1135 458 1242 490 quae,
1280 448 1448 489 quamvis
1487 448 1562 480 sint
1600 448 1752 489 praeter

129 506 296 543 verbum,
312 515 384 537 non
404 506 526 537 tamen
545 505 631 536 sunt
647 505 778 536 contra
792 504 968 536 verbum?
983 504 1087 542 Quod
1102 513 1221 545 genus
1237 513 1309 535 non
1322 513 1441 545 pauca
1455 503 1568 536 habet
1580 502 1750 535 ccclesia.

179 559 456 601 Wordenaso).
487 559 529 591 In
559 560 604 600 ijs
632 559 703 592 etsi
727 558 903 591 charitati
931 558 1049 591 multa
1078 558 1277 591 tribuenda
1308 559 1394 596 sint,
1430 568 1502 590 non
1535 560 1592 591 est
1627 559 1751 590 tamen

128 615 282 656 laqueus
321 614 516 656 ponendus
556 614 796 655 conscientijS
834 623 841 645 :
883 614 1195 654 quemadmodum
1234 612 1437 655 Apostolus
1467 613 1514 654 (2)
1553 614 1606 645 sic
1645 613 1752 645 nobis

127 670 363 702 commendat
379 668 618 707 coelibatum,
635 671 676 700 ut
693 669 817 701 tamen
836 667 930 700 nolit
947 669 1120 708 cuiquam
1139 668 1312 709 laqueum
1328 668 1496 709 injicere.
1512 667 1690 709 Injiccret
1703 668 1750 709 (3)

127 725 251 757 autem
278 723 465 765 laqueum,
492 724 523 755 si
551 732 661 764 quem
688 725 845 764 propter
872 732 980 755 suum
1009 722 1206 755 consilium
1235 726 1391 766 urgeret
1418 723 1463 755 ad
1488 722 1714 756 coelibatum
1741 731 1749 755 ε

126 779 163 812 id
181 779 280 820 quod
298 788 362 810 vos
380 778 492 811 nimis
509 778 745 810 confidenter
762 778 900 810 facitis.

169 835 381 867 Montanus.
400 833 524 871 Mane,
543 832 616 866 alia
633 834 669 866 te
686 833 746 865 via
762 833 1041 875 aggrediemur,
1062 833 1209 874 quando
1227 832 1296 865 hac
1314 832 1407 865 nihil
1425 833 1656 874 proficimus.

168 887 436 923 Rosemundus.
457 888 616 921 Praesta
632 889 682 925 te,
698 897 849 929 quaeso,
866 887 1025 921 docilem
1043 888 1234 930 magistris
1253 889 1402 926 nostris,
1419 889 1558 930 optime
1570 888 1747 921 Joannes.

175 944 391 977 tVordenas.
410 943 548 976 Libens
566 943 717 984 quidem
735 943 772 974 id
788 944 928 982 fecero,
948 943 979 975 si
997 943 1106 975 modo
1125 943 1214 984 quid
1234 945 1336 976 recte
1355 944 1525 976 doceant.

168 997 438 1034 Ros-emundas.
472 997 554 1041 Ego
587 998 708 1031 Deum
738 1007 807 1040 pro
841 1000 877 1031 te
909 998 1172 1031 ardentissime
1204 998 1483 1040 comprecabor,
1517 1000 1558 1031 ut
1584 998 1622 1031 in
1655 998 1750 1031 viam

124 1056 266 1088 rectam
283 1054 429 1087 redeas.

175 1108 392 1143 Wordenas.
411 1108 483 1142 Ubi
501 1117 523 1141 a
538 1108 599 1141 via
615 1112 718 1141 recta
735 1108 947 1149 deviavero,
968 1109 1045 1141 tum
1063 1108 1159 1141 istuc
1175 1110 1362 1151 precator.

168 1163 438 1199 Rosemundus.
469 1162 593 1197 Orabo
626 1165 751 1197 tamen
787 1164 824 1196 in
857 1164 993 1196 missae
1025 1165 1142 1196 sacris
1174 1164 1234 1197 die
1265 1164 1442 1197 crastino.
1475 1163 1567 1198 Idne
1599 1164 1749 1208 gratum

124 1219 195 1253 tibi
212 1219 354 1252 fuerit?

173 1273 389 1309 Wordenas.
424 1273 538 1308 Orato
570 1274 733 1313 fortiter,
768 1283 843 1307 non
875 1283 1059 1317 repugno.
1094 1274 1207 1307 Novit
1238 1275 1338 1307 enim
1370 1275 1552 1308 Dominus
1584 1274 1749 1308 hostium

122 1338 291 1364 meorum
318 1330 575 1372 precationem
603 1329 718 1371 impie
747 1329 847 1371 piam
875 1329 913 1361 in
943 1330 1105 1362 nominis
1139 1330 1196 1362 sui
1228 1329 1377 1364 laudem
1406 1332 1443 1363 et
1474 1330 1636 1374 gloriam
1667 1340 1750 1363 con-

122 1386 283 1419 vertere.

165 1437 447 1473 Duvenvorthus
470 1439 531 1481 (4).
565 1438 716 1471 Domini
748 1439 836 1477 mei,
869 1439 1016 1481 tempus
1048 1440 1105 1472 est
1140 1440 1181 1472 ut
1212 1439 1257 1472 ad
1291 1440 1441 1473 domum
1476 1440 1744 1482 concedamus3

120 1494 277 1528 inclinat
294 1495 394 1528 enim
411 1503 581 1536 vespera.

163 1551 376 1584 Montanus.
410 1549 499 1582 Cras
530 1550 779 1582 revertemur.
813 1548 869 1582 Tu
900 1549 1048 1582 interea
1078 1548 1151 1582 loci
1182 1550 1241 1583 fac
1273 1551 1396 1583 tecum
1425 1551 1550 1584 omnia
1576 1551 1742 1593 reputes

121 1606 233 1648 atque
250 1606 372 1638 mutes
389 1605 627 1643 sententiam,
643 1605 716 1637 nisi
733 1604 841 1637 malis
857 1605 1032 1647 pertinax
1049 1604 1262 1639 haereticus
1281 1605 1477 1639 declarari.
1493 1606 1550 1639 En
1572 1606 1746 1649 praedixi

120 1661 201 1694 tibi.

164 1714 421 1750 Enchusanus.
438 1715 624 1757 Equidem
640 1715 753 1749 eredo
771 1724 884 1758 supra
901 1715 1098 1758 septimam
1115 1724 1210 1750 esse.

168 1769 434 1806 Rosemunclus.
453 1769 532 1804 Est.

161 1825 422 1861 Enchusanus.
441 1825 534 1859 Vide
560 1826 591 1859 si
616 1828 800 1860 nocturna
824 1827 1018 1860 meditatio
1045 1827 1107 1860 det
1131 1826 1198 1860 tibi
1223 1826 1364 1869 aliquid
1387 1827 1490 1869 boni,
1515 1828 1557 1861 ut
1571 1828 1746 1862 recantes

119 1882 362 1923 sententiam3
381 1881 523 1922 alioqui
540 1891 614 1914 non
631 1891 749 1924 parvo
768 1884 804 1915 te
822 1882 1030 1915 discrimini
1047 1883 1283 1924 exposueris.

169 1937 386 1972 Wordenas.
406 1936 559 1969 Domini
576 1936 749 1970 voluntas
766 1937 844 1970 fiat.

595 2014 761 2048 Alterius
785 2013 896 2058 hujus
919 2024 1134 2058 conyressus
1157 2015 1256 2059 finis.

161 2132 320 2168 Postero
352 2133 425 2173 die,
459 2133 578 2166 amice
605 2132 736 2171 lector,
766 2133 880 2175 ijdem
910 2132 967 2165 illi
1007 2133 1268 2175 Inquisitores‚
1302 2134 1518 2168 intermissa
1547 2134 1741 2177 paululum

116 2189 359 2224 NVordenatis
386 2189 645 2230 inquisitione,
670 2197 730 2221 me
755 2189 826 2220 sibi
851 2189 933 2221 sisti
957 2189 1155 2221 fecerunt:
1182 2198 1292 2230 quem
1316 2189 1597 2223 Lutheranismi
1621 2191 1739 2232 suspi-

115 2246 223 2278 cione
251 2244 418 2288 graviter
445 2243 618 2276 laborare
646 2243 910 2282 causabantur,
936 2244 1140 2285 propterea
1163 2245 1263 2285 quod
1286 2244 1584 2277 monachismum
1613 2247 1741 2278 confu-

114 2302 253 2334 tassem
277 2301 316 2333 et
339 2299 464 2340 eximij
485 2299 678 2331 cuiusdam
702 2298 876 2331 monachi
902 2299 1127 2340 apostasiam
1153 2299 1328 2341 epistolio
1351 2299 1636 2333 collaudassem.
1655 2300 1738 2339 Hic,

113 2355 178 2389 ubi
217 2353 437 2397 depulsione
475 2354 644 2386 criminis
684 2355 721 2386 et
759 2363 805 2386 ex
839 2354 983 2396 negocij
1017 2354 1309 2396 circumstantijS
1348 2356 1488 2388 factum
1528 2355 1650 2397 ipsum
1681 2355 1739 2388 vel

115 2410 308 2444 diluissem
331 2408 390 2442 vel
415 2410 690 2448 extenuassem,
718 2408 833 2441 dilata
857 2408 1031 2441 ulteriori
1056 2409 1314 2449 inquisitione,
1339 2419 1398 2443 me
1424 2414 1501 2443 tum
1526 2411 1676 2451 quidem
1701 2411 1739 2443 in

112 2474 303 2499 carcerem
320 2464 560 2502 remiserunt,
580 2466 691 2505 atque
715 2464 985 2497 Wordenatem
1003 2466 1171 2497 nostrum
1190 2464 1235 2497 ad
1252 2464 1480 2506 palinodiam
1497 2466 1555 2498 sui
1573 2466 1736 2508 coniugij

113 2529 252 2564 urgere
269 2520 392 2553 studio
417 2519 489 2552 sibi
514 2519 650 2552 deinde
667 2519 848 2552 habuere.
867 2517 984 2557 Quem
1002 2521 1176 2552 conatum
1195 2529 1276 2552 eum
1296 2520 1467 2553 viderent
1484 2530 1529 2554 ex
1548 2521 1662 2553 animi
1680 2521 1738 2553 sui

113 2576 302 2611 sententia
325 2575 515 2608 non'satis
539 2574 754 2614 succedere,
775 2575 860 2607 data
884 2575 941 2607 est
965 2583 1081 2616 opera
1104 2574 1148 2607 ab
1174 2575 1474 2616 inquisitoribus,
1494 2577 1533 2608 ut
1551 2576 1738 2618 superiori

154 2745 202 2787 (1)
225 2744 272 2779 In
294 2747 466 2790 marqine
484 2754 492 2778 :
518 2744 710 2784 Quatenus
726 2744 934 2786 parendum
953 2742 1134 2777 ccclesiae
1153 2744 1318 2776 statutis.

154 2801 202 2843 (2)
291 2800 396 2835 Idem
487 2811 495 2834 ε
523 2801 652 2833 Prima
668 2801 714 2832 ad
731 2799 960 2837 Corinthios,
979 2798 1011 2831 7.

154 2856 202 2899 (3)
291 2856 397 2890 Idem
489 2866 496 2889 :
523 2856 685 2898 Injicere
703 2855 879 2896 laqueum
896 2854 1136 2896 conscientijs
1154 2855 1255 2896 quid.

153 2911 201 2955 (4)
291 2910 395 2945 Idem
487 2923 495 2945 :
523 2911 593 2945 Hic
612 2910 758 2944 tabulas
774 2920 860 2943 suas
878 2911 916 2942 ct
932 2909 1082 2943 chartas
1099 2911 1249 2952 reponit
1267 2908 1402 2943 scriba.
