2096 3481
843 249 981 284 ANNO
1008 247 1092 282 1525
1720 249 1782 283 321

150 357 355 399 Montibus,
381 358 523 392 decano
559 358 718 393 ecclesie
753 357 880 392 Sancti
908 359 1015 392 Petri
1043 358 1299 397 Lovaniensis,
1335 358 1576 398 Morinensis,
1614 359 1786 393 Camera-

150 414 273 448 censis
290 416 328 448 et
344 414 566 447 Leodiensis
591 414 765 453 diocesis,
792 413 952 446 salutem
970 415 1009 446 et
1033 413 1279 456 apostolicam
1297 414 1612 448 benedictionem.

195 469 286 503 Cum
304 469 351 502 ad
375 468 470 502 nihil
495 470 598 502 aliud
616 470 746 502 nostra
762 468 905 510 aspiret
921 469 1095 508 intentio,
1115 478 1226 510 quam
1243 470 1285 501 ut
1302 468 1441 502 Christi
1460 469 1628 502 fidelium
1646 471 1789 503 animas

151 524 230 558 Deo
259 524 356 557 lucri
383 526 510 558 facere
526 525 727 566 possimus,
746 523 910 556 libenter
935 533 1088 565 operam
1112 523 1267 566 vigilem
1285 523 1519 563 adhibemus,
1545 527 1587 557 ut
1604 525 1790 559 diabolica

149 580 284 613 fraude
310 580 476 612 damnati
502 580 547 613 ad
565 579 711 613 caulam
729 579 1003 612 dominicarum
1029 580 1154 612 ovium
1178 579 1420 618 reducantur,
1440 580 1478 612 et
1494 580 1525 612 si
1544 581 1631 620 quid
1649 582 1790 614 animo-

148 644 233 668 rum
249 635 498 676 perversitate
524 635 626 667 ducti
653 635 691 667 in
709 643 840 668 eorum
868 634 1043 667 damnato
1072 634 1268 676 proposito
1296 643 1542 676 perseverare
1571 635 1786 674 maluerint,

149 689 278 723 taliter
308 690 347 723 in
375 699 440 723 eos
472 690 805 728 animadvertatur,
839 690 938 730 quod
967 699 1099 722 eorum
1126 699 1225 731 pena
1251 690 1300 722 sit
1328 690 1464 723 ceteris
1493 690 1531 722 in
1555 690 1788 732 exemplum3

149 745 290 778 dudum
313 745 513 786 siquidem,
528 746 727 787 postquam
744 745 868 777 felicis
885 745 1160 777 recordationis
1176 745 1366 778 Adrianus
1383 754 1480 787 papa
1497 747 1637 783 sextus,
1656 746 1789 787 prede-

149 809 277 833 cessor
305 801 446 839 noster,
465 800 620 842 cupiens
649 800 828 832 adversus
856 800 1082 841 perditionis
1106 800 1177 832 filii
1203 800 1357 833 Martini
1382 800 1514 833 Luteri
1538 801 1789 842 pernitiosum

150 855 442 897 damnatumque
470 856 609 898 dogma
636 857 674 888 et
708 854 915 888 hereticam
946 856 1184 897 pravitatem,
1219 865 1291 897 que
1320 856 1358 888 in
1391 856 1562 897 partibus
1594 855 1791 889 Alcmanie

149 909 348 943 Inferioris
365 920 408 943 ac
425 910 604 944 Flandrie
618 911 657 943 et
669 909 753 943 aliis
772 910 949 943 dominiis
966 911 1162 943 carissimo
1179 911 1218 943 in
1233 910 1382 944 Christo
1400 910 1479 943 tilio
1494 912 1623 943 nostro
1642 911 1789 950 Carolo,

148 965 408 998 Romanorum
433 966 471 999 et
494 965 764 1007 Hispaniarum
781 965 864 1008 regi
879 965 1080 1004 catholico,
1099 966 1137 998 in
1152 966 1422 1007 imperatorem
1440 965 1574 1004 electo,
1594 966 1788 1005 subiectis,

149 1020 303 1053 inimico
321 1021 544 1060 seminante,
562 1019 785 1062 pullulabat,
806 1020 942 1053 debitis
966 1021 1167 1062 providere
1184 1021 1375 1059 remediis,
1397 1020 1599 1053 nonnullos
1622 1021 1660 1053 in
1680 1021 1790 1054 dictis

149 1076 321 1118 partibus
335 1085 419 1109 cum
435 1075 549 1117 plena
565 1076 604 1108 et
620 1075 836 1108 omnimoda
852 1075 1031 1108 facultate
1046 1076 1083 1108 et
1097 1076 1321 1108 auctoritate
1339 1076 1503 1108 faciendi
1517 1077 1555 1109 et
1571 1077 1789 1113 exercendi,

151 1139 224 1172 que
248 1131 295 1163 ad
313 1131 403 1163 dicti
421 1130 656 1164 detestabilis
681 1131 869 1173 dogmatis
887 1130 1131 1172 hereticeque
1147 1131 1345 1172 pravitatis
1363 1131 1600 1172 inquisitoris
1626 1132 1791 1163 officium

149 1186 371 1228 spectabant
387 1188 425 1219 et
440 1186 694 1229 pertinebant,
713 1186 959 1228 inquisitores
977 1185 1177 1229 generales
1191 1195 1260 1228 per
1274 1195 1361 1218 suas
1378 1185 1524 1219 litteras
1542 1187 1793 1219 constituerat

149 1243 188 1275 et
204 1241 467 1284 deputaverat3
486 1252 555 1284 pro
572 1243 681 1284 parte
706 1242 843 1275 dilecte
867 1242 975 1274 nobis
1004 1242 1043 1274 in
1062 1241 1211 1274 Christo
1230 1241 1308 1274 filie
1333 1241 1471 1274 nobilis
1496 1241 1668 1274 mulieris
1698 1242 1793 1275 Mar-

149 1298 293 1339 garete,
320 1297 576 1330 archiducisse
600 1298 766 1336 Austrie,
794 1297 884 1329 dicti
913 1296 1037 1330 Caroli
1063 1297 1188 1335 amite,
1208 1297 1300 1329 etin
1319 1297 1428 1329 dictis
1458 1297 1634 1329 dominiis
1659 1306 1727 1338 pro
1746 1306 1790 1330 eo

149 1352 430 1395 gubernatricis
455 1353 564 1385 nobis
581 1353 768 1395 exposito,
788 1352 887 1394 quod
904 1351 1109 1385 multorum
1128 1351 1281 1392 querele
1308 1353 1353 1384 de
1377 1352 1551 1393 personis
1575 1361 1644 1394 per
1668 1353 1791 1394 ipsum

147 1408 457 1449 predecessorem
475 1408 521 1441 ad
545 1407 711 1441 heresim
738 1407 994 1441 Lutheranam
1012 1407 1229 1448 hujusmodi
1258 1408 1519 1448 extirpandam
1538 1408 1727 1449 deputatis
1745 1408 1791 1440 ad

149 1471 233 1496 eam
251 1462 375 1497 delate
403 1464 568 1503 fuerant,
598 1464 691 1496 adeo
710 1463 809 1504 quod
835 1462 961 1504 aliqua
987 1462 1165 1495 scandala
1196 1462 1284 1495 inde
1309 1463 1451 1495 exoriri
1477 1472 1589 1504 posse
1617 1463 1793 1495 sormida-

154 1518 311 1560 bantur3

192 1574 271 1607 Nos
299 1575 389 1607 tunc
410 1573 548 1608 dilecto
570 1574 649 1607 filio
675 1574 805 1607 nostro
823 1573 1044 1612 Laurentio,
1069 1573 1172 1606 tituli
1197 1573 1333 1607 Sancte
1349 1573 1549 1607 Anastasie
1566 1573 1791 1616 presbytero

149 1629 348 1668 cardinali,
367 1631 456 1662 tunc
481 1630 527 1663 ad
544 1630 759 1663 universam
777 1629 1017 1663 Germaniam
1035 1630 1165 1662 nostro
1185 1631 1223 1663 et
1240 1629 1446 1671 apostolice
1471 1629 1572 1662 sedis
1590 1629 1732 1671 legato,
1752 1630 1794 1662 ut

150 1694 191 1718 se
213 1685 258 1718 de
275 1685 472 1727 premissis
500 1685 726 1718 informaret
747 1686 785 1718 et
801 1685 833 1717 si
849 1694 919 1727 per
942 1685 1251 1718 informationem
1275 1685 1493 1726 huiusmodi
1510 1685 1582 1717 sibi
1600 1685 1794 1717 constaret

149 1740 196 1773 ad
212 1740 430 1782 hujusmodi
453 1740 671 1774 Lutherane
700 1740 847 1774 heresis
873 1740 1167 1782 extirpationem
1183 1749 1253 1782 per
1269 1741 1459 1782 prefatum
1482 1740 1792 1782 predecessorem

150 1795 349 1838 deputatos
384 1796 431 1828 ad
465 1796 650 1838 premissa
684 1796 906 1837 exequenda
941 1796 1064 1828 minus
1100 1796 1269 1838 ydoneos
1304 1796 1388 1828 fore
1427 1797 1492 1828 aut
1526 1804 1594 1837 pro
1626 1805 1718 1837 pace
1755 1797 1794 1829 et

149 1851 277 1892 quiete
308 1852 502 1893 expedire,
536 1850 630 1884 alios
662 1860 794 1884 eorum
825 1851 907 1884 loco
941 1851 1136 1892 deputare,
1169 1860 1238 1892 per
1278 1851 1440 1884 eundem
1479 1851 1790 1892 predecessorem

150 1907 349 1948 deputatos
381 1908 550 1949 prefatos
567 1907 613 1939 ab
632 1906 755 1939 officio
785 1906 839 1939 eis
857 1907 1056 1939 commisso
1086 1906 1304 1947 hujusmodi
1332 1906 1557 1939 auctoritate
1586 1906 1794 1948 apostolica

149 1964 342 1995 amoveret
359 1971 401 1995 ac
418 1971 549 1995 eorum
566 1962 649 1994 loco
675 1971 738 1994 vos
756 1961 815 1994 vel
834 1962 927 1994 duos
953 1963 1018 1994 aut
1035 1971 1150 1993 unum
1167 1963 1347 1997 vestrum.
1366 1962 1480 2003 prout
1496 1961 1569 2002 ipsi
1586 1962 1793 1995 Laurentio

148 2017 332 2050 cardinali
361 2018 483 2060 magis
512 2018 634 2050 visum
665 2018 766 2050 foret
798 2017 990 2058 expedire,
1026 2017 1064 2048 in
1095 2017 1255 2058 prefatis
1287 2017 1464 2049 dominiis
1489 2017 1579 2049 dicti
1612 2016 1794 2050 horrendi

149 2069 337 2113 dogmatis
365 2070 610 2111 hereticeque
637 2070 834 2111 pravitatis
867 2069 1067 2112 generales
1096 2069 1343 2110 inquisitores
1375 2079 1460 2102 cum
1492 2069 1672 2102 facultate
1700 2078 1794 2110 quos

148 2122 356 2165 culpabiles
375 2123 650 2164 comperiretisâ€š
670 2123 778 2164 juxta
809 2131 1031 2155 excessuum
1058 2121 1260 2162 qualitates
1284 2122 1466 2163 puniendi
1489 2132 1531 2154 ac
1559 2122 1795 2162 quibuscum-

150 2187 222 2219 que
248 2178 438 2220 judicibus
467 2180 505 2211 et
531 2178 705 2219 personis
725 2178 838 2210 etiam
867 2186 1065 2210 causarum
1092 2176 1224 2218 palatii
1250 2177 1447 2218 apostolici
1466 2177 1700 2210 auditoribus
1725 2187 1792 2210 seu

149 2232 450 2267 locatenentibus
475 2233 695 2267 eorumdem
713 2233 827 2266 etiam
844 2233 975 2274 quavis
1007 2232 1232 2264 auctoritate
1249 2233 1496 2274 fungentibus
1525 2233 1593 2265 sub
1621 2233 1793 2265 censuris

149 2288 416 2322 ecclesiasticis
441 2290 478 2322 et
494 2289 717 2331 privationis
742 2298 785 2321 ac
810 2288 1061 2321 inhabilitatis
1085 2288 1193 2329 penis
1221 2287 1419 2321 inhibendi
1448 2289 1648 2329 omniaque
1666 2290 1703 2321 et
1720 2289 1794 2321 sin-

149 2343 240 2387 gula
256 2343 331 2377 alia
347 2345 385 2376 in
401 2345 596 2385 premissis
615 2346 652 2377 et
669 2345 770 2377 circa
783 2353 828 2377 ea
845 2344 1062 2376 neccssaria
1079 2352 1145 2376 seu
1163 2343 1448 2384 quomodolibet
1462 2345 1649 2385 oportuna
1665 2345 1703 2376 et
1720 2353 1792 2385 que

151 2401 196 2434 ad
214 2400 432 2442 hujusmodi
455 2401 714 2441 inquisitionis
740 2400 904 2433 officium
935 2400 979 2432 de
1006 2399 1091 2441 jure
1119 2398 1178 2431 vel
1208 2400 1483 2432 consuetudine
1509 2399 1794 2440 quomodolibet

149 2456 393 2498 pertinebant
408 2457 447 2489 et
462 2457 634 2497 spectare
653 2456 918 2493 noscebantur,
937 2455 1101 2487 faciendi
1130 2456 1167 2486 et
1185 2455 1410 2495 exequendi,
1438 2455 1538 2487 dicta
1566 2455 1792 2488 auctoritate

149 2512 399 2545 constitueret
416 2512 454 2544 et
478 2511 689 2553 deputaret,
710 2520 778 2553 per
807 2510 900 2543 alias
919 2512 1068 2543 nostras
1086 2509 1233 2542 litteras
1251 2511 1290 2542 in
1314 2511 1438 2543 forma
1461 2510 1586 2543 brevis
1603 2511 1790 2543 commisi-

149 2577 232 2600 mus
249 2568 287 2600 et
314 2566 585 2605 mandavimus,
606 2576 752 2599 necnon
771 2576 901 2599 omnes
930 2569 967 2598 et
995 2564 1165 2608 singulas
1197 2574 1329 2597 causas
1356 2574 1483 2597 coram
1515 2566 1607 2607 ipsis
1636 2566 1680 2598 ab
1709 2566 1790 2606 ipso

148 2623 418 2665 predecessore
436 2622 626 2663 deputatis
642 2622 851 2663 pendentes
869 2622 907 2653 in
926 2622 1102 2654 eventum
1120 2620 1221 2661 quod
1237 2620 1295 2652 illi
1313 2629 1382 2662 per
1400 2621 1525 2662 ipsum
1542 2621 1790 2654 Laurentium

148 2677 379 2711 cardinalem
397 2678 435 2710 et
446 2676 615 2719 legatum
631 2686 700 2719 per
717 2686 782 2710 eos
799 2686 865 2709 seu
880 2686 944 2708 vos
958 2676 995 2708 in
1013 2675 1234 2708 eorumdem
1251 2678 1464 2708 amotorum
1481 2675 1564 2708 loco
1583 2684 1791 2722 surrogare

149 2733 401 2776 contingeret,
427 2732 464 2764 in
491 2741 535 2765 eo
561 2734 661 2764 statu
685 2732 723 2764 in
749 2741 822 2773 quo
848 2731 1062 2764 existebant
1085 2731 1345 2769 resumendas,
1372 2741 1451 2769 seu,
1478 2732 1510 2764 si
1538 2732 1644 2764 vobis
1669 2733 1790 2765 visum

149 2789 261 2827 foret,
281 2789 326 2821 de
345 2797 439 2821 novo
468 2797 552 2820 cum
581 2787 754 2820 omnibus
779 2789 816 2820 et
845 2785 1005 2829 siugulis
1030 2795 1161 2818 eorum
1179 2786 1446 2825 incidentibus,
1477 2787 1789 2828 dependentibus,

150 2843 446 2886 emergentibus,
477 2842 634 2876 annexis
651 2844 689 2875 et
711 2842 891 2875 connexis
924 2841 1143 2879 audiendas,
1176 2842 1460 2883 cognoscendas
1490 2842 1638 2883 fineque
1665 2842 1791 2875 debito

151 2899 421 2940 terminandas,
440 2907 482 2931 ac
499 2898 537 2930 id
555 2898 654 2939 quod
672 2907 740 2939 per
758 2898 859 2939 ipsos
875 2897 913 2929 in
940 2896 1080 2929 litteris
1098 2897 1379 2938 predecessoris
1396 2897 1613 2938 hujusmodi
1638 2898 1792 2940 deputa-

152 2957 210 2987 tos
244 2955 385 2987 factum
415 2954 527 2992 foret,
564 2952 704 2986 nullius
735 2953 885 2986 roboris
918 2951 977 2985 vel
1007 2952 1190 2985 momenti
1220 2961 1303 2985 esse
1333 2952 1584 2993 decernimus,
1614 2955 1729 2996 prout
1752 2954 1791 2986 in

152 3010 294 3044 eisdem
317 3009 455 3043 litteris
472 3008 621 3051 plenius
639 3009 866 3041 continetur.
1650 3042 1688 3074 â°1
