2096 3481
258 301 301 333 43
945 294 1082 328 ANNo
1108 293 1188 326 1521

256 403 516 449 kettersche
527 402 695 446 boeken
725 401 771 444 of
791 400 1075 457 geschristen,
1102 400 1146 442 in
1169 399 1311 443 welke
1333 398 1422 442 taal
1455 398 1537 441 ook
1560 399 1801 456 opgesteld,
1835 401 1881 443 te

258 474 465 524 bezitten,
492 476 536 516 te
553 472 738 527 koopen,
779 474 824 513 te
855 468 1120 525 verkoopen‚
1161 472 1206 512 te
1244 469 1382 518 lezen,
1408 469 1452 511 te
1481 468 1740 524 verdedigen
1763 467 1812 512 of
1837 470 1882 511 te

261 541 475 585 drukken.
512 541 668 584 Overal
701 552 822 581 waar
844 552 942 580 men
975 537 1042 580 die
1080 538 1146 581 zal
1176 537 1355 580 kunnen
1378 536 1553 587 vinden,
1581 537 1722 579 zullen
1755 537 1806 594 zij
1837 536 1881 578 in

260 611 337 654 het
360 609 578 666 openbaar
595 607 811 651 verbrand
835 606 1032 650 worden.
1058 608 1243 649 Daartoe
1265 605 1331 648 zal
1349 618 1446 648 men
1470 618 1553 648 aan
1572 605 1625 648 de
1643 603 1883 661 pauselijke

261 679 436 734 legaten
459 678 507 721 of
519 691 600 721 aan
625 677 772 720 hunne
797 676 1207 732 plaatsvervangers
1231 674 1272 717 al
1305 674 1357 716 de
1379 674 1575 729 noodige'
1594 673 1698 729 hulp
1717 672 1882 715 verlee-

262 761 363 798 nen,
391 746 437 789 of
464 760 540 789 zoo
573 746 704 788 dezen
728 745 816 787 niet
835 743 1060 800 aanwezig
1081 743 1183 799 zijn,
1210 742 1297 785 zelf
1323 743 1366 784 in
1400 742 1548 785 hunne
1580 742 1720 798 plaats
1740 746 1883 798 optre-

262 816 344 858 den
363 830 372 867 ;
400 815 461 858 dit
485 815 592 857 alles
615 828 667 870 op
691 814 742 856 de
764 812 1011 856 voormelde
1034 811 1149 855 straf
1177 825 1261 855 van
1284 811 1570 868 keizerliJken
1602 810 1686 853 ban
1709 824 1763 853 en
1785 824 1884 853 ver-

261 883 653 939 beurdverklaring
675 882 751 925 der
774 882 1005 938 goederen.
1041 880 1103 936 Op
1136 880 1203 922 die
1235 879 1348 923 straf
1374 880 1411 922 is
1442 881 1518 923 het
1551 880 1633 922 ook
1665 878 1884 922 verboden

263 952 444 1003 boeken,
481 951 776 1008 schilderijen,
813 949 993 994 beelden
1027 948 1074 992 of
1107 949 1414 1004 teekeningen,
1457 948 1522 990 die
1555 948 1637 991 den
1676 961 1797 1004 paus,
1834 946 1885 989 de

263 1020 517 1078 geestelijke
540 1020 587 1062 of
604 1019 875 1075 wereldlijke
892 1017 1137 1061 overheden
1159 1031 1211 1059 en
1230 1017 1281 1060 de
1299 1017 1548 1060 katholieke
1566 1016 1885 1072 hoogescholen

262 1088 537 1145 beschimpen
560 1088 608 1131 of
633 1087 940 1144 tegenstrijdig
977 1086 1064 1143 ziJn
1097 1089 1184 1128 met
1207 1085 1258 1128 de
1281 1085 1416 1141 goede
1439 1086 1588 1136 zeden,
1626 1089 1670 1129 te
1708 1084 1882 1136 maken,

262 1162 306 1200 te
329 1158 543 1208 drukken‚
570 1162 613 1200 te
636 1157 820 1212 koopen,
847 1159 892 1199 te
913 1155 1162 1211 verkoopen
1186 1153 1232 1197 of
1258 1158 1301 1197 te
1324 1153 1530 1198 bezitten.
1569 1154 1644 1197 Die
1665 1168 1886 1197 voorwer-

263 1240 346 1283 pen
389 1226 531 1268 zullen
570 1224 797 1281 insgelijks
833 1223 878 1266 in
920 1223 995 1266 het
1038 1221 1257 1278 openbaar
1293 1221 1511 1265 verbrand
1550 1223 1744 1267 worden.
1788 1223 1887 1267 Alle

264 1293 477 1337 schriften
508 1293 779 1336 handelende
813 1306 918 1334 over
939 1290 1332 1347 godsdienstzaken
1357 1294 1545 1343 moeten,
1566 1292 1792 1335 vooraleer
1814 1305 1888 1347 ge-

261 1363 392 1406 drukt
409 1366 453 1405 te
471 1375 624 1418 mogen
644 1361 840 1412 worden,
860 1361 1038 1403 daartoe
1056 1360 1107 1401 de
1125 1359 1423 1415 goedkeuring
1439 1373 1700 1403 verworven
1719 1359 1886 1403 hebben

262 1444 349 1473 van
381 1431 432 1473 de
471 1430 725 1487 geestelijke
758 1428 963 1472 overheid
985 1428 1062 1471 der
1083 1428 1224 1483 plaats
1266 1442 1319 1470 en
1357 1441 1442 1470 van
1465 1428 1515 1470 de
1551 1429 1888 1485 naastgelegene

263 1500 550 1555 godgeleerde
581 1499 811 1542 Faculteit.
848 1498 944 1540 Alle
969 1497 1128 1540 andere
1151 1496 1317 1539 boeken
1340 1496 1387 1539 of
1403 1496 1692 1553 teekeningen
1717 1501 1889 1541 moeten

263 1568 491 1625 insgelijks
524 1568 575 1611 de
607 1567 907 1624 goedkeuring
940 1566 1016 1608 der
1048 1565 1304 1621 geestelijke
1337 1565 1544 1609 overheid
1575 1565 1803 1610 bekomen.
1834 1566 1889 1609 Al

263 1637 476 1693 degenen,
518 1636 585 1679 die
616 1651 699 1680 aan
738 1636 798 1679 dit
835 1634 1164 1691 tegenwoordig
1202 1634 1329 1686 edict,
1367 1648 1573 1678 waaraan
1611 1635 1772 1678 kracht
1803 1649 1889 1678 van

263 1709 353 1749 wet
385 1719 580 1761 gegeven
604 1705 766 1757 wordt‚
803 1704 1152 1760 ongehoorzaam
1183 1703 1348 1746 zouden
1381 1703 1483 1760 zijn,
1519 1703 1662 1747 zullen
1692 1703 1889 1759 schuldig

263 1774 427 1818 erkend
459 1774 639 1817 worden
670 1787 753 1817 aan
791 1772 1253 1831 majesteitsschennis‚
1289 1771 1334 1814 in
1368 1772 1451 1814 den
1484 1772 1766 1830 keizerlijken
1802 1773 1890 1816 ban

264 1844 469 1900 geslagen
493 1857 548 1885 en
571 1843 674 1885 door
696 1843 736 1885 al
759 1842 810 1885 de
833 1841 1169 1897 bovengemelde
1192 1839 1371 1884 straffen
1391 1840 1603 1897 getroffen
1624 1840 1821 1884 worden.

312 1934 467 1968 Carolus
492 1935 655 1975 quintus,
690 1934 816 1966 divina
838 1935 986 1966 favente
1014 1932 1215 1965 clementia
1239 1932 1380 1965 electus
1408 1933 1665 1966 Romanorum
1689 1934 1893 1975 imperator

267 1998 416 2031 semper
433 1991 626 2032 augustus,
646 1998 688 2021 ac
705 1989 939 2027 Germaniae,
959 1988 1238 2029 Hispaniarum,
1254 1988 1450 2028 utriusque
1465 1987 1626 2027 Siciliae,
1642 1988 1892 2026 Hierusalem,

268 2044 499 2087 Hungariae‚
527 2044 748 2082 Dalmatiae,
775 2043 960 2081 croatiae,
987 2044 1056 2076 ete.
1083 2051 1171 2083 rex3
1201 2042 1383 2075 archidux
1406 2043 1594 2082 Austriae,
1625 2043 1698 2076 dux
1723 2043 1894 2086 Burgun-

268 2100 364 2137 diae,
385 2099 623 2137 Brabantiae,
643 2099 792 2137 Stiriae,
812 2098 1040 2136 Carinthiae,
1061 2097 1278 2138 Carniolae3
1297 2106 1421 2130 comes
1446 2097 1674 2140 Habsburgi,
1694 2098 1894 2131 Flandriae

268 2155 306 2187 et
323 2153 485 2196 Tyrohs,
505 2155 575 2187 etc.
595 2154 790 2186 Universis
807 2154 845 2185 et
862 2152 1021 2195 singulis
1038 2152 1136 2185 sacri
1147 2152 1310 2184 Romani
1326 2152 1476 2193 imperii
1493 2152 1718 2185 electoribus
1736 2153 1894 2194 aliisque

268 2209 512 2250 principibus,
542 2210 618 2241 tam
643 2208 907 2242 ecelesiasticis
932 2217 1042 2249 quam
1065 2207 1337 2247 saecularibu33
1364 2207 1667 2249 archiepiscopis,
1694 2208 1892 2249 episcopis,

268 2263 460 2305 praelatis,
488 2264 655 2302 ducibus,
674 2263 966 2301 marchionibus,
993 2263 1204 2300 comitibus,
1229 2262 1446 2300 baronibus,
1472 2262 1671 2301 nobilibus,
1697 2262 1892 2301 militibus,

269 2318 490 2357 clientibus,
530 2319 753 2360 praefectis,
794 2318 1050 2359 praesidibus,
1090 2317 1299 2359 judicibuS‚
1337 2316 1526 2355 scultetis,
1568 2317 1892 2360 burgimagistris,

269 2373 498 2411 consulibus,
518 2374 691 2411 scabinis,
711 2373 915 2409 civitatum,
936 2373 1172 2414 oppidorum,
1197 2371 1383 2409 villarum,
1410 2373 1596 2404 terrarum
1619 2373 1656 2404 et
1679 2372 1895 2413 quorumvis

272 2427 432 2460 aliorum
467 2428 636 2460 locorum
671 2428 1020 2468 communitatibus3
1062 2436 1206 2459 necnon
1242 2427 1539 2465 universitatum,
1573 2427 1782 2459 studiorum
1817 2427 1895 2460 sive

272 2483 554 2525 gymnasiorum
577 2483 787 2515 rectoribus
811 2483 849 2514 et
875 2482 999 2514 locum
1023 2482 1236 2514 tenentibus
1264 2490 1330 2513 seu
1358 2481 1579 2514 officialibus
1607 2482 1823 2520 eorundem,
1853 2491 1895 2514 ac

271 2538 431 2570 caeteris
464 2538 747 2578 quibuscunque
778 2537 886 2569 nobis
917 2538 993 2569 tam
1019 2537 1104 2578 jure
1128 2536 1225 2569 sacri
1247 2536 1397 2577 imperii
1422 2545 1532 2576 quam
1555 2536 1807 2569 haereditario
1832 2537 1896 2569 aut

272 2591 345 2624 alio
379 2602 600 2633 quocunque
634 2593 744 2624 modo
780 2592 972 2633 subjectis,
1007 2593 1045 2624 et
1079 2591 1253 2624 fidelibus
1285 2590 1443 2629 dilectis,
1477 2591 1731 2633 cujuscunque
1763 2592 1893 2630 status,

272 2647 411 2689 gradus
429 2649 493 2679 aut
519 2647 745 2679 conditionis
772 2647 860 2685 sint,
886 2647 924 2679 et
947 2647 993 2679 ad
1018 2655 1111 2687 quos
1134 2646 1352 2688 praesentes
1373 2645 1431 2678 vel
1457 2646 1660 2679 earundem
1683 2646 1895 2688 exemplum

272 2703 400 2733 nostro
425 2702 483 2734 vel
512 2702 669 2743 aliquus
696 2701 856 2743 praelati
880 2700 1125 2734 ecelesiastici
1160 2700 1299 2743 sigillo,
1333 2700 1410 2733 sive
1441 2701 1555 2733 etiam
1585 2700 1725 2742 publici
1757 2702 1896 2734 notarii

272 2765 404 2788 manus
433 2757 720 2798 subscriptione,
750 2756 1002 2789 communium
1030 2756 1257 2797 pervenerit,
1287 2756 1448 2798 gratiam
1477 2756 1695 2789 Caesaream
1723 2757 1761 2788 et
1788 2765 1896 2790 omne

272 2809 424 2843 bonum.
1802 2841 1806 2847 ,

316 2866 373 2898 Ad
391 2866 469 2898 veri
493 2866 750 2899 Romanorum
774 2866 1013 2907 imperatoris
1039 2865 1202 2898 officium
1225 2865 1401 2907 pertinet,
1428 2875 1502 2898 non
1524 2865 1644 2898 solum
1668 2865 1761 2898 fines
1784 2865 1895 2907 hujus

274 2920 371 2952 sacri
399 2920 560 2962 imperii,
590 2921 689 2962 quod
719 2921 1031 2962 praedecessores
1059 2921 1191 2959 nostri,
1221 2920 1443 2954 Germaniae
1469 2920 1669 2963 principes,
1696 2920 1742 2953 ob
1770 2920 1895 2954 defen-

274 2975 417 3008 sionem
450 2977 598 3009 sanctae
629 2976 821 3009 Romanae
847 2976 885 3007 et
908 2975 1129 3009 universalis
1165 2974 1357 3014 ccclesiae,
1391 2985 1457 3009 suo
1489 2985 1715 3016 suorumque
1746 2976 1894 3018 saepius
