2096 3481
838 160 994 194 'ANNO
1022 159 1103 193 1521
1756 162 1798 192 39

167 271 370 304 Martinum
396 271 434 303 et
450 269 556 307 alios,
576 270 639 311 qui
664 270 823 303 eundem
843 269 1045 302 Martinum
1064 270 1101 302 in
1127 280 1193 303 sno
1211 280 1326 312 pravo
1344 271 1382 302 ct
1407 271 1580 304 damnato
1606 270 1799 313 proposito

164 326 392 358 obstinatum
432 326 652 366 sequuntur,
694 334 736 358 ac
767 324 881 357 ctiam
913 333 989 363 cOS,
1032 326 1094 366 qui
1135 335 1220 358 eum
1263 326 1378 359 etiam
1414 327 1604 367 praesidio
1643 325 1799 358 militari

165 381 382 416 defendunt,
409 381 625 413 custodiunt
643 381 680 413 et
704 380 869 421 propriis
893 379 1136 413 facultatibus
1162 380 1217 413 vel
1246 381 1330 413 aliis
1356 381 1639 422 quomodolibet
1656 383 1799 413 susten-

164 437 244 468 tare
263 445 335 467 non
354 437 544 471 verentur,
564 445 605 467 ac
624 435 816 470 auxilium.
837 434 1035 467 consilium
1054 435 1110 467 vel
1130 437 1296 468 savorem
1322 437 1453 476 quovis
1479 437 1587 468 modo
1606 437 1799 478 praestare

163 492 201 523 et
217 491 503 523 subministrare
521 492 855 532 praesumpserunt
880 491 917 521 et
940 493 1198 531 praesumunt,
1219 500 1377 531 quornm
1396 492 1560 523 omnium
1587 491 1739 523 nomina
1763 494 1801 522 ct

163 546 389 587 cognomina
413 547 448 577 et
467 545 679 586 qualitates,
696 545 765 576 etsi
791 545 921 585 quavis
945 544 1045 577 celsa
1067 545 1124 577 vel
1151 546 1285 587 grandi
1312 546 1575 587 praesulgfflnt
1600 547 1797 585 dignitate,

164 601 427 642 praesentibus
453 600 585 632 haberi
604 599 775 631 volumus
798 608 866 640 pro
892 600 1095 640 expressis,
1121 610 1162 632 ac
1187 601 1218 632 si
1243 601 1462 632 nominatim
1496 601 1800 642 cxp1·imcr‹,·ntur

163 664 205 688 ac
231 655 268 687 in
294 655 446 687 illorum
469 655 724 696 publicatione
759 655 890 696 vigore
914 655 1171 696 praesentium
1197 656 1370 688 facienda
1394 656 1614 688 nominatim
1639 656 1799 697 exprimi

163 712 330 752 possent,
358 711 607 747 decernimus,
638 710 1038 741 excommunicationis
1055 712 1093 742 et
1117 711 1230 742 ctiam
1250 710 1499 743 anathematis
1525 720 1669 743 necnon
1688 710 1800 743 male-

164 765 340 797 dictionis
358 767 534 797 aetcrnac
553 767 590 797 et
613 765 819 801 interdicti,
846 774 887 796 ac
912 765 949 796 in
975 774 1039 797 eos
1064 766 1249 797 eteorum
1269 766 1540 798 descendentes
1559 766 1797 807 dignitatum,

163 820 349 852 honorum
367 820 606 852 othonorum
624 819 846 861 privationis
871 821 909 852 et
932 819 1248 853 inhabilitationis
1277 821 1323 852 ad
1352 820 1418 853 illa
1445 830 1590 853 necnon
1614 821 1798 853 bonorum

162 875 442 908 confiscationis
470 877 509 907 et
536 875 705 907 criminis
740 874 865 907 laesae
893 875 1103 915 majestatis
1129 877 1166 907 et
1191 875 1283 908 alias
1309 876 1528 913 sententias,
1559 884 1737 909 censuras
1762 878 1801 908 ct

162 939 302 971 poenas
335 930 448 963 etiam
477 930 514 962 in
544 930 756 963 haereticos
781 939 803 962 a
829 930 1035 962 canonibus
1065 930 1227 963 inflictas
1252 931 1290 963 in
1317 931 1426 963 dictis
1450 930 1572 964 literis
1603 932 1799 964 contentas

162 984 427 1018 damnabiliter
443 985 633 1018 incidisse.

203 1041 227 1081 ἓ
243 1040 274 1072 5.
296 1041 474 1074 Civitates
492 1049 653 1081 quoque,
674 1041 807 1078 terras,
828 1042 962 1079 castra,
983 1040 1121 1082 oppida
1138 1042 1176 1074 et
1193 1040 1287 1079 loca,
1308 1041 1346 1073 in
1366 1040 1503 1081 quibus
1521 1042 1610 1073 tunc
1626 1050 1694 1083 pro
1710 1042 1800 1074 tem-

161 1104 253 1138 pore
270 1095 424 1133 fuerint,
444 1097 483 1128 et
499 1096 544 1128 ad
562 1104 657 1136 quae
671 1104 736 1128 eos
754 1095 944 1128 declinare
958 1095 1175 1138 contigerit,
1195 1105 1238 1128 ac
1255 1105 1350 1136 quac
1368 1096 1406 1128 in
1436 1095 1512 1128 illis
1529 1098 1627 1135 sunt,
1648 1106 1690 1129 ac
1707 1096 1799 1129 alias

160 1151 275 1184 etiam
299 1150 536 1183 cathedrales
560 1152 599 1183 et
622 1150 902 1192 metropolitan.
930 1151 1161 1183 monasteria
1185 1152 1223 1183 et
1247 1150 1321 1183 alia
1345 1150 1526 1193 religiosa
1554 1153 1592 1184 et
1618 1152 1681 1193 pia
1703 1151 1797 1189 loca,

160 1206 275 1239 etiam
299 1207 475 1248 exempta
491 1207 529 1239 et
546 1216 620 1238 non
638 1207 825 1247 exempta,
845 1215 1081 1247 quocumque
1099 1205 1356 1239 ecclesiastico
1375 1206 1576 1239 interdicto
1605 1208 1801 1248 supposita

160 1270 255 1300 esse,
275 1261 328 1294 ita
345 1262 398 1299 ut,
424 1261 490 1294 illo
516 1261 687 1298 durante,
714 1260 803 1299 illis,
822 1263 1022 1302 praetextu
1048 1261 1214 1302 cujusvis
1238 1260 1377 1294 indulti
1403 1261 1614 1303 apostolici,
1633 1264 1800 1304 praeter-

160 1325 271 1358 quam
288 1317 327 1349 in
345 1317 493 1349 casibus
511 1326 532 1349 a
547 1317 631 1357 jure
654 1316 862 1358 permissis,
883 1318 921 1349 et
937 1316 976 1348 in
993 1315 1082 1354 illis,
1106 1326 1179 1348 non
1199 1316 1292 1349 alias
1310 1325 1421 1357 quam
1437 1317 1562 1357 januis
1580 1316 1730 1353 clausis,
1757 1328 1800 1350 ac

160 1372 494 1405 excommunicatis
519 1373 557 1404 et
581 1372 794 1404 interdictis
812 1371 988 1409 exclusi&
1009 1373 1198 1412 nequeant
1219 1371 1357 1405 missae
1381 1373 1419 1405 et
1443 1371 1517 1404 alia
1534 1372 1660 1405 divina
1677 1373 1801 1405 officia

159 1427 357 1466 celebrari,
377 1426 585 1469 apostolica
602 1427 827 1459 auctoritate
853 1428 985 1459 tenore
1002 1427 1259 1468 praesentium
1279 1427 1525 1465 declaramus,
1552 1427 1713 1469 illosque
1730 1438 1798 1470 pro

162 1482 496 1515 excommunicatis
521 1483 557 1515 et
575 1481 912 1520 anathematizatis
938 1481 1162 1520 maledictis,
1181 1482 1406 1521 interdictis,
1425 1483 1582 1524 privatis
1601 1484 1638 1516 et
1654 1483 1800 1516 inhabi-

161 1537 259 1570 libus
272 1537 498 1579 ubicumque
512 1537 680 1570 locorum
695 1537 915 1570 denunciari
930 1538 967 1570 et
980 1536 1165 1578 publicari
1183 1546 1225 1570 ac
1239 1537 1284 1570 ab
1299 1537 1472 1570 omnibus
1489 1537 1798 1572 christifidelibus

161 1593 301 1626 arctius
318 1593 452 1626 evitari
468 1593 720 1635 praecipimus
738 1593 776 1625 et
791 1592 1023 1625 mandamus.

201 1649 224 1689 ἓ
240 1649 271 1681 5.
292 1649 340 1681 Et
356 1650 397 1681 ut
413 1649 451 1680 in
470 1648 643 1680 omnibus
668 1648 813 1680 tantum
837 1648 875 1680 in
901 1648 971 1680 Dei
996 1647 1179 1680 ecclesiae
1209 1657 1298 1681 suae
1322 1647 1554 1690 vilipendum
1578 1649 1732 1681 Martini
1761 1651 1799 1683 et

158 1704 375 1745 sequacium
389 1705 427 1736 et
443 1703 603 1735 aliorum
620 1703 919 1736 inobedientium
934 1703 1146 1735 obstinatae
1163 1703 1389 1736 temeritatis
1403 1704 1560 1736 audacia
1571 1704 1795 1743 innotescat,

158 1769 205 1792 ne
229 1759 402 1791 morbida
424 1768 539 1800 pecus
563 1767 721 1801 gregem
744 1758 888 1791 inficiat
911 1767 1074 1799 parsque
1099 1758 1248 1791 sincera
1271 1759 1317 1791 ad
1340 1759 1585 1791 infectionem
1610 1759 1794 1799 trahatur,

158 1815 346 1847 universis
374 1816 412 1847 et
436 1813 596 1855 singulis
620 1813 860 1855 patriarchis,
895 1813 1203 1855 archiepiscopis,
1237 1814 1437 1855 episcopis,
1470 1814 1794 1856 patriarchalium,

157 1869 439 1911 metropolitan.
459 1868 732 1902 cathedralium
757 1870 795 1902 et
825 1868 1114 1911 collegiatarum
1138 1868 1384 1901 ecclesiarum
1409 1869 1601 1910 praelatis
1621 1870 1796 1911 capitulis

157 1927 195 1958 et
208 1925 380 1967 personis
405 1923 684 1960 ecclesiasticis,
699 1926 736 1957 et
749 1924 967 1965 quorumvis
982 1924 1156 1956 ordinum
1170 1924 1284 1956 etiam
1298 1924 1591 1957 mendicantium
1605 1925 1796 1968 religiosis

157 1980 342 2022 exemptis
367 1981 405 2012 et
430 1989 502 2012 non
521 1980 706 2021 exemptis
732 1979 891 2012 ubilibet
913 1979 1141 2018 constitutis,
1161 1979 1199 2011 in
1217 1980 1356 2012 virtute
1381 1981 1533 2012 sanctae
1558 1980 1796 2014 obedientiae

158 2037 196 2069 et
212 2036 279 2068 sub
298 2035 698 2068 excommunicationis
714 2034 813 2067 latae
831 2035 1042 2068 sententiae
1059 2035 1181 2076 poenis
1199 2035 1431 2073 mandamus,
1451 2037 1636 2076 quatenus
1660 2036 1733 2078 ipsi
1758 2038 1796 2069 et

158 2090 318 2132 quilibet
342 2099 485 2125 eorum,
505 2090 536 2122 si
554 2091 752 2131 postquam
777 2090 907 2133 vigore
933 2090 1190 2131 praesentium
1214 2090 1390 2131 requisiti
1414 2091 1568 2129 fuerint,
1593 2091 1693 2124 infra
1717 2093 1794 2125 tres

159 2146 251 2183 dies,
271 2155 431 2187 quorum
448 2155 563 2178 unum
581 2155 650 2187 pro
675 2146 809 2187 primo,
829 2147 868 2178 et
884 2145 999 2178 alium
1016 2154 1084 2187 pro
1114 2146 1292 2184 secunde,
1312 2147 1351 2178 et
1374 2145 1562 2187 reliquum
1586 2155 1654 2188 pro
1681 2147 1793 2179 tertio

158 2203 196 2234 et
212 2201 469 2243 peremptorio
484 2201 658 2240 termino,
675 2210 717 2234 ac
734 2201 916 2233 canonica
928 2201 1136 2233 monitione
1152 2201 1362 2242 praemissa
1377 2201 1625 2244 assignamus,
1641 2203 1793 2235 eosdem

158 2257 363 2290 Martinum
381 2258 419 2290 et
436 2256 530 2289 alios
558 2257 915 2295 excommunicatos,
932 2256 1279 2295 anathematizatos,
1295 2256 1515 2289 maledictos
1532 2258 1570 2289 et
1583 2256 1795 2290 haereticos

160 2312 382 2349 declaratos,
410 2313 648 2354 aggravatos,
674 2312 909 2349 interdictos,
929 2311 1096 2353 privatos
1121 2312 1158 2344 et
1182 2311 1383 2349 inhabiles
1411 2313 1449 2345 ct
1472 2312 1511 2344 in
1536 2313 1792 2353 praesentium

158 2368 382 2401 executione
411 2367 622 2399 nominatos
648 2367 685 2399 in
711 2376 841 2400 eorum
866 2366 1036 2400 ecclesiis
1069 2366 1268 2399 dominicis
1300 2369 1338 2399 et
1369 2366 1452 2399 aliis
1484 2367 1629 2400 festivis
1661 2368 1793 2401 diebus

158 2424 259 2465 (dum
284 2423 406 2465 major
429 2423 523 2455 inibi
546 2421 676 2464 populi
700 2422 902 2455 multitudo
927 2422 1147 2455 convenerit
1171 2423 1217 2454 ad
1243 2422 1382 2463 divina)
1399 2431 1483 2455 cum
1500 2423 1622 2455 crucis
1638 2423 1790 2461 vexillo,

157 2478 315 2520 pulsatis
355 2478 546 2519 campanis
582 2479 620 2510 et
654 2478 822 2510 accensis
857 2476 1023 2510 candelis
1055 2486 1098 2509 ac
1130 2478 1278 2510 demum
1311 2478 1486 2510 extinctis
1519 2479 1557 2511 et
1584 2478 1622 2510 in
1651 2479 1790 2511 terram

158 2533 338 2575 proJcctis
363 2535 400 2566 ct
417 2532 659 2571 conculcatis,
678 2542 762 2565 cum
787 2533 887 2565 trina
910 2532 1076 2574 lapidum
1101 2533 1336 2574 projectione
1361 2532 1520 2574 aliisque
1543 2534 1791 2567 caeremoniis

159 2589 196 2621 in
215 2588 401 2621 similibus
419 2588 611 2621 observari
629 2588 763 2627 solitis,
783 2588 933 2630 publice
958 2588 1138 2620 nuncient
1153 2589 1191 2619 ct
1209 2588 1349 2620 faciant
1373 2590 1411 2621 ct
1434 2589 1613 2622 mandent
1637 2589 1681 2621 ab
1707 2589 1792 2622 aliis

160 2644 344 2682 nuneiari,
370 2646 407 2676 et
432 2644 476 2676 ab
503 2644 675 2676 omnibus
692 2643 1002 2676 christifidelibus
1027 2643 1166 2676 arctius
1191 2643 1336 2675 evitari.
1356 2643 1413 2676 Ad
1438 2644 1620 2685 majorem
1638 2645 1793 2686 insuper

159 2699 320 2741 praefati
349 2699 503 2732 Martini
532 2698 768 2740 aliorumque
796 2699 1073 2731 haereticorum
1110 2699 1412 2740 supradictorum
1441 2699 1727 2732 adhaerentium
1755 2702 1794 2733 et

160 2754 376 2795 sequacium
411 2755 450 2787 et
476 2755 667 2787 fautorum
702 2754 974 2790 confusionem.
1012 2754 1050 2786 in
1075 2754 1213 2786 virtute
1242 2755 1393 2786 sanetae
1425 2755 1664 2788 obedientiae
1692 2765 1793 2788 man-

161 2810 290 2842 damus
315 2809 488 2842 omnibus
517 2811 555 2841 et
578 2809 738 2851 singulis
764 2809 1004 2851 patriarchis,
1024 2808 1331 2850 archiepiscopis,
1359 2810 1546 2851 episcopis
1571 2812 1609 2843 ct
1632 2810 1790 2843 aliarum

160 2863 404 2898 ecclesiarum
430 2864 622 2907 praelatis,
643 2867 682 2898 ut
706 2865 801 2898 sicut
827 2864 897 2906 ipsi
930 2865 975 2897 ad
1000 2864 1205 2897 sedandum
1232 2864 1446 2903 schismata,
1481 2868 1633 2899 auctore
1660 2866 1791 2900 Hiero-
