2096 3481
830 247 969 282 ANNO
996 247 1081 282 1519
1732 251 1770 284 13

131 356 248 396 datas,
280 356 404 389 varios
443 356 481 388 in
521 356 596 390 fide
627 356 666 389 et
695 355 864 389 moribus
896 365 1060 396 errores,
1095 357 1295 400 alienaque
1327 367 1350 391 a
1373 360 1519 392 *sanetis
1551 360 1768 395 doctoribus

130 412 308 454 <logmata
323 412 556 453 contineret3
575 412 614 444 et
636 411 832 453 speciatim
849 413 980 445 sancta
995 413 1169 454 vitaeque
1187 416 1365 447 aeternae
1382 415 1590 454 meritoria,
1607 416 1771 449 humana

129 475 246 509 opera
268 467 426 500 infamet
443 468 481 499 et
496 467 643 500 reatum
661 467 716 499 eis
739 467 897 508 injiciat,
917 468 1024 508 quasi
1042 468 1123 500 sine
1141 468 1252 510 culpa
1268 469 1351 502 fieri
1370 479 1443 501 non
1461 471 1624 511 possint;
1643 480 1770 504 sacras

129 521 342 564 Scripturas
355 524 646 563 sanctorumque
659 522 815 554 Patrum
829 523 1036 556 sententias
1049 526 1270 564 pervertens
1289 524 1325 556 in
1344 533 1496 556 sensum
1513 526 1769 566 perniciosum

127 578 391 618 contorqueat3
411 577 656 619 poenitentiae
673 579 950 610 sacramentum
969 578 1208 620 dogmatibus
1235 579 1460 620 perniciosis
1483 580 1649 618 annulet,
1669 581 1771 614 circa

126 633 393 665 contritionem
418 632 660 664 scandalosos
685 641 834 665 errores
860 633 1094 674 inducendo;
1121 634 1222 666 circa
1246 635 1522 667 confessionem
1541 639 1673 667 contra
1690 637 1769 668 uni-

125 686 282 720 versalis
313 687 506 720 Ecclesiae
534 690 701 719 veterem
731 687 940 720 doctrinam
969 697 1149 729 perversa
1176 688 1337 721 consiliii
1361 690 1592 731 ingerendo3
1620 701 1767 723 omnem

124 742 420 775 satisfactionem
437 741 572 775 morali
589 741 722 783 culpae
739 743 899 775 remissa
916 743 1081 776 debitam
1098 744 1294 782 cassando,
1311 754 1395 776 cum
1412 745 1511 777 Deus
1529 746 1585 786 (ut
1603 746 1654 777 ait
1674 746 1767 787 ipse)

123 797 184 829 cui
200 797 399 830 mortalem
416 797 577 838 culpam,
597 806 747 839 semper
763 797 878 830 etiam
901 799 939 830 et
962 799 1134 831 meritam
1160 808 1309 840 poenam
1333 800 1520 840 remittatg
1550 800 1765 832 thes-:iurum

122 852 457 895 indulgentiarum,
484 861 576 893 quas
605 861 679 884 non
708 851 830 885 solum
859 853 904 885 ab
934 853 1025 885 olim
1053 854 1210 886 Patrum
1236 854 1400 892 decreta,
1429 855 1494 887 sed
1523 855 1636 887 etiam
1662 866 1769 888 saera

123 908 427 949 approbaverunt
443 907 615 945 concilia,
635 917 681 940 ex
706 907 852 940 frivolis
878 908 1204 941 irrationabilibus
1229 910 1486 942 fundamentis
1510 920 1579 951 per
1603 912 1769 952 proposi-

121 962 244 995 tiones
268 963 306 995 in
331 964 480 995 sanctos
505 964 544 995 et
566 963 605 995 in
630 965 848 996 sanctorum
872 964 1010 996 merita
1033 964 1169 1005 impias
1195 965 1233 997 et
1256 964 1497 1006 blasphemas
1521 966 1768 1006 pertinaciter

120 1017 295 1059 annuletg
315 1018 416 1051 circa
431 1026 562 1059 poenas
581 1018 801 1060 Purgatorii
819 1020 858 1051 et
870 1020 1010 1051 statum
1025 1019 1236 1052 animarum
1253 1022 1340 1061 post
1353 1019 1449 1052 hanc
1467 1020 1581 1052 vitam
1599 1030 1644 1053 ex
1663 1022 1767 1053 vanis

118 1073 268 1105 motivis
296 1072 568 1106 abominabiles
597 1082 747 1106 errores
777 1074 1010 1109 disseminet,
1041 1076 1173 1115 utpote
1207 1075 1307 1115 quod
1335 1075 1373 1106 in
1400 1075 1630 1117 Purgatorio
1665 1076 1768 1108 nulla

118 1128 244 1160 anima
259 1128 452 1170 quidpiam
469 1137 537 1170 pro
555 1128 780 1161 mortalibus
798 1129 966 1170 patiatur
983 1130 1167 1170 peccatis3
1196 1130 1297 1170 quod
1315 1130 1463 1163 animae
1481 1131 1519 1162 in
1537 1131 1766 1173 Purgatorio

118 1183 239 1216 Deum
262 1184 397 1216 vitiose
414 1183 731 1225 culpabiliterque
757 1183 931 1226 diligant,
959 1193 1001 1216 ac
1019 1185 1100 1217 sine
1125 1185 1410 1218 intermissione
1430 1185 1509 1217 illie
1526 1189 1696 1227 peccent,
1716 1189 1765 1226 et,

118 1247 213 1279 quae
231 1247 299 1271 sua
322 1240 420 1277 sunt,
448 1240 673 1279 quaerentes
698 1238 784 1280 plus
813 1248 925 1280 quam
951 1239 1099 1272 divinae
1124 1239 1329 1272 voluntatis
1354 1240 1627 1282 impletionem,
1652 1243 1764 1282 quod,

116 1295 158 1326 ut
170 1293 250 1335 ipse
267 1294 401 1335 inquit,
422 1296 480 1326 est
503 1295 636 1326 contra
653 1294 898 1335 charitatem3
927 1295 1026 1335 quod
1051 1295 1192 1327 mortui
1210 1296 1291 1328 fere
1315 1305 1389 1327 non
1413 1296 1537 1328 minus
1555 1305 1666 1337 quam
1692 1298 1766 1329 vivi

116 1349 155 1381 in
178 1350 278 1382 statu
296 1349 372 1381 sint
388 1349 559 1382 merendi
582 1350 698 1382 vitam
716 1351 928 1390 aeternam;
956 1350 1047 1382 item
1071 1351 1205 1382 contra
1231 1350 1475 1393 privilegium
1502 1353 1540 1384 et
1561 1352 1766 1393 primatum

115 1403 310 1438 Romanae
336 1403 529 1437 Ecclesiae
552 1414 667 1446 super
684 1404 864 1437 ecclesias
882 1406 1052 1438 caeteras
1076 1414 1145 1446 per
1163 1406 1305 1443 orbem,
1332 1415 1512 1439 erroneas
1537 1407 1765 1439 assertiones

116 1459 161 1492 ab
194 1459 285 1492 olim
316 1469 384 1502 pro
421 1459 624 1493 haereticis
656 1461 937 1498 condemnatas,
973 1461 1127 1493 auribus
1160 1461 1301 1494 Christi
1334 1461 1504 1494 fidelium
1535 1463 1691 1495 refricet
1729 1465 1767 1495 et

116 1515 278 1557 ingerat,
297 1515 425 1548 sedem
443 1515 691 1556 apostolicam
714 1516 983 1554 irreverenter,
1002 1515 1127 1557 palam
1153 1518 1191 1549 et
1215 1516 1436 1549 seandalose
1461 1519 1582 1558 taxet;
1609 1518 1766 1550 auctori-

116 1571 232 1603 tatem
256 1571 392 1603 summi
418 1570 608 1612 pontificis
634 1571 874 1613 impudenter
902 1573 1085 1609 attenuet,
1106 1573 1238 1613 utpote
1264 1572 1327 1612 qui
1353 1571 1472 1604 solam
1489 1582 1640 1614 poenam
1656 1582 1765 1605 cano-

116 1625 251 1664 nicam,
277 1635 344 1659 seu
369 1626 623 1665 arbitrariam,
651 1625 794 1659 nullam
820 1627 947 1659 autem
974 1636 1125 1668 poenam
1154 1627 1360 1659 secundum
1389 1627 1553 1660 divinam
1579 1628 1766 1669 justitiam

115 1681 280 1722 peccatis
305 1681 470 1714 debitam
496 1682 677 1714 divinitus
709 1681 781 1714 sibi
812 1682 899 1714 data
922 1683 1111 1723 potestate
1135 1682 1333 1715 remittere
1359 1683 1492 1724 possit,
1522 1692 1619 1722 cum,
1647 1685 1689 1716 ut
1716 1684 1769 1716 ait

115 1736 208 1778 ipse,
224 1736 319 1770 tales
342 1746 472 1778 poenas
490 1737 688 1770 remittere
711 1738 814 1769 esset
841 1737 1009 1769 divinum
1025 1737 1086 1778 jus
1104 1739 1264 1776 mutare,
1284 1738 1503 1770 mandatum
1522 1738 1591 1771 Dei
1616 1739 1767 1771 irritum

114 1792 241 1825 facere
271 1793 309 1825 et
337 1792 376 1824 in
408 1792 528 1825 Deum
552 1792 823 1833 impiissimum
851 1792 1110 1825 adversarium
1136 1802 1240 1833 055ος
1266 1793 1541 1834 innumeraque
1567 1793 1642 1826 alia
1666 1803 1768 1826 scan-

116 1846 246 1880 dalosa
261 1846 321 1880 his
339 1857 413 1880 non
432 1847 634 1885 absimilia,
654 1847 730 1879 imo
748 1847 927 1890 graviora
943 1849 981 1880 et
998 1848 1275 1889 perniciosiora
1291 1848 1329 1880 in
1348 1858 1388 1881 se
1406 1848 1557 1881 habeat.

159 1902 345 1941 Quocirca
368 1911 501 1944 nuper,
529 1903 590 1935 die
615 1902 750 1935 Martis
774 1902 987 1944 penultima
1003 1903 1144 1935 mensis
1161 1903 1338 1945 Augusti,
1358 1913 1474 1945 super
1498 1903 1570 1936 hoc
1595 1903 1766 1947 legitime

116 1966 246 1991 omnes
270 1959 308 1991 et
331 1957 473 2001 singuli
497 1958 694 1990 convocati
719 1958 758 1990 in
785 1958 1087 2000 congregatione
1113 1960 1244 1991 nostra
1266 1958 1430 2000 publica,
1450 1968 1555 1992 more
1581 1959 1706 1998 solito,
1727 1960 1765 1992 in

115 2014 302 2046 conventu
329 2013 490 2046 fratrum
518 2013 837 2055 praedicatorum,
866 2015 1018 2046 servata
1045 2015 1084 2046 et
1111 2013 1243 2046 habita
1271 2016 1420 2047 matura
1450 2014 1764 2056 pensiculatione,

115 2068 324 2110 praemissa
354 2069 594 2101 concorditer
626 2069 844 2101 censuimus
878 2069 916 2101 et
949 2068 1216 2101 doctrinaliter
1245 2069 1514 2110 Judicavimus,
1551 2070 1765 2111 praefatum

116 2123 255 2157 librum
273 2124 387 2156 tantis
411 2123 610 2162 scandalis,
637 2124 833 2157 erroribus
851 2123 1150 2165 haeresibusque
1169 2124 1214 2157 ab
1239 2124 1331 2156 olim
1355 2125 1541 2157 damnatis
1565 2126 1762 2164 refertum,

117 2180 294 2220 tanquam
311 2180 572 2212 communitati
589 2179 759 2212 fidelium
777 2179 944 2217 noxium,
963 2180 1049 2221 J'ure
1075 2180 1120 2212 de
1147 2180 1272 2212 medio
1297 2179 1518 2218 tollendum,
1545 2190 1654 2213 usum
1682 2181 1764 2222 ejus

116 2234 376 2274 inhibendum,
395 2234 706 2276 supprimendum
723 2236 762 2267 et
777 2244 846 2276 per
870 2243 948 2273 eos,
969 2235 1015 2267 ad
1034 2244 1127 2275 quos
1157 2235 1196 2266 id
1221 2237 1394 2277 spectare
1412 2236 1662 2278 dignoscitur,
1682 2236 1764 2279 igni

115 2289 265 2331 publice
289 2290 552 2331 cremandum3
579 2291 773 2323 auctorem
799 2290 882 2331 ejus
906 2290 1044 2323 merito
1072 2290 1118 2322 ad
1143 2291 1425 2323 revocationem
1450 2290 1642 2332 publicam
1665 2300 1765 2324 com-

113 2344 345 2386 pellendum.
1276 2335 1281 2341 ⁷

156 2400 200 2434 In
217 2410 377 2442 quorum
402 2400 570 2433 omnium
593 2401 711 2434 robur
736 2410 779 2434 ac
803 2399 916 2434 fidele
942 2401 1203 2434 testimonium
1227 2400 1324 2434 hanc
1343 2403 1510 2434 nostram
1534 2402 1765 2434 sententiam

116 2465 185 2498 per
201 2456 391 2489 notarium
415 2457 587 2489 nostrum
608 2456 777 2498 juratum
800 2456 996 2498 praedicto
1020 2455 1119 2488 libro
1146 2456 1311 2489 adscribi
1336 2458 1374 2489 et
1398 2456 1526 2499 sigillo
1555 2456 1763 2490 Facultatis

117 2512 269 2545 nostrae
282 2512 611 2553 (quemadmodum
625 2512 663 2544 et
675 2511 743 2544 has
757 2513 906 2544 nostras
920 2510 1065 2552 literas)
1078 2511 1260 2552 jussimus
1274 2513 1506 2553 appensione
1519 2513 1760 2545 communiri.

160 2567 298 2600 Datum
321 2568 360 2600 et
382 2568 506 2600 actum
524 2566 715 2606 Coloniae,
735 2576 833 2600 anno
851 2566 984 2599 salutis
1002 2566 1234 2599 christianae
1252 2576 1367 2608 supra
1391 2567 1636 2600 millesimum
1653 2568 1761 2609 quin-

117 2623 370 2665 gentesimum
387 2623 532 2655 decimo
558 2632 670 2661 n0n0,
689 2622 900 2664 penultima
917 2622 977 2654 die
1000 2622 1141 2654 mensis
1164 2622 1340 2665 Augusti.
1368 2622 1443 2655 Per
1467 2632 1527 2656 me
1552 2622 1761 2656 Henricum

117 2679 163 2712 de
180 2678 297 2711 Vorta
313 2678 358 2711 de
376 2677 544 2716 Colonia,
564 2678 754 2711 notarium
770 2677 976 2720 publicum,
997 2678 1035 2710 et
1051 2686 1167 2719 supra
1183 2678 1273 2710 dicti
1297 2677 1488 2720 generalis
1507 2678 1630 2712 Studii
1657 2678 1762 2712 Colo-

115 2734 256 2767 niensis
275 2733 467 2767 bedellum
482 2733 666 2775 Juratum.

466 2805 612 2846 Drukje
636 2814 707 2838 van
732 2804 917 2838 Februari
944 2803 1040 2843 1520,
1071 2804 1305 2838 verschenen
1329 2805 1380 2847 bij
1409 2805 1506 2839 Dirk
1530 2806 1699 2840 Martens
1723 2808 1761 2840 te

510 2861 661 2894 Leuven
686 2869 733 2894 en
757 2860 988 2894 berustende
1006 2870 1053 2902 op
1079 2861 1125 2894 de
1142 2860 1387 2894 Bibliotheek
1405 2862 1472 2895 der
1490 2861 1759 2905 Hoogeschool

510 2924 582 2949 van
599 2915 754 2950 Leiden.
773 2916 850 2958 (Ζ10
867 2915 909 2948 L.
926 2916 969 2948 D.
987 2915 1100 2955 Petit,
1118 2914 1351 2950 Bibliotheek
1363 2926 1437 2950 van
1449 2915 1760 2952 Nederzandsche

513 2970 747 3015 Pamfletten.
777 2970 1090 3015 Verzamelingen
1115 2971 1279 3014 Thysius
1307 2981 1354 3006 en
1378 2972 1758 3015 Rijks-Universiteit
