2096 3481
245 284 310 319 316
934 282 1071 319 ANNO
1097 283 1180 318 1525

245 403 310 427 seu
339 395 441 426 actus
468 393 677 435 judiciales,
703 394 872 435 fiuntque
908 394 1070 436 grandes
1109 394 1147 427 et
1169 394 1399 437 multiplices
1424 395 1609 437 scripture
1633 397 1868 431 continentes

244 449 442 490 aliquando
461 449 711 491 quadraginta
725 449 818 481 folia
835 458 901 482 seu
918 449 1189 492 quadragintos
1207 450 1285 492 (sic)
1310 449 1455 483 rotulos
1471 452 1595 492 papiri
1613 452 1676 484 aut
1693 461 1736 484 eo
1754 453 1866 492 circa,

242 504 521 545 requiriturquc
549 504 586 535 in
616 503 685 536 hoc
712 504 871 536 multum
900 505 1093 546 temporis,
1123 514 1207 537 cum
1232 505 1355 538 tamen
1381 506 1419 537 in
1448 506 1607 539 crimine
1635 506 1864 548 hujusmodi,

243 568 315 600 quo
344 559 453 591 citius
480 559 742 601 proscindatur
766 559 804 592 et
835 560 1091 602 extinguatur,
1117 560 1253 593 merito
1282 561 1331 592 sit
1352 561 1566 599 summarie,
1585 561 1806 603 simpliciter
1830 564 1868 596 et

243 614 287 647 de
304 614 415 655 plano
441 623 483 646 ac
507 615 587 647 sine
612 615 771 655 strepitu
790 614 827 647 et
844 614 967 657 figura
988 615 1121 656 judicii
1145 615 1444 657 procedendum3
1471 617 1736 658 asseraturque
1754 618 1868 651 etiam

244 678 265 702 a
297 669 483 708 nonnulis,
517 669 616 710 quod
646 669 727 711 ipse
758 669 973 710 inquisitor,
1008 679 1083 703 non
1115 671 1288 703 obstante
1319 670 1433 712 plena
1471 672 1509 704 et
1544 672 1758 705 omnimoda
1795 673 1868 706 sibi

243 725 465 758 auctoritate
492 723 698 766 apostolica
721 724 808 758 data
826 734 893 758 seu
910 734 1089 758 concessa
1104 726 1292 767 potestate
1318 726 1355 759 ct
1378 725 1558 760 facultate
1582 728 1714 759 contra
1738 736 1867 761 omnes

243 781 278 812 ct
296 779 465 821 singulos
489 780 545 820 (ut
567 781 772 821 prefertur)
797 780 1013 821 inquirendi
1039 789 1080 813 ac
1105 779 1311 822 culpabiles
1337 781 1518 822 puniendi
1541 781 1805 823 judicibusque
1830 783 1869 816 et

237 835 409 878 personis
433 835 717 877 quibuscunque.
740 835 949 874 inhibendi,
979 845 1053 868 non
1078 837 1197 878 possit
1221 846 1298 875 cos,
1331 846 1422 878 quos
1441 837 1623 870 obnoxios
1639 839 1864 880 reppererit,

239 891 320 923 diro
359 891 501 923 carceri
540 891 755 932 mancipare
795 892 859 924 aut
890 892 1022 924 contra
1056 890 1151 924 tales
1186 892 1412 925 sententiam
1448 892 1611 934 aliquam
1644 894 1758 932 ferre,
1794 895 1867 928 nisi

237 945 366 978 vocato
384 955 451 978 seu
465 946 648 987 requisito
666 946 704 979 ct
719 946 891 979 consulto
908 946 989 988 ipso
1008 946 1207 980 diocesano
1226 956 1293 980 seu
1311 947 1516 986 ordinario,
1536 957 1647 989 quem
1664 948 1864 990 aliquando

237 1001 283 1033 ob
309 1001 457 1034 itineris
482 1001 697 1034 distantiam
719 1001 953 1044 impossibile
977 1011 1043 1035 seu
1067 1001 1201 1035 saltem
1224 1001 1332 1036 valde
1358 1002 1511 1036 difficile
1536 1003 1593 1036 est
1617 1012 1659 1036 ac
1687 1013 1762 1037 non
1791 1004 1865 1038 nisi

235 1065 319 1089 cum
335 1056 542 1098 majoribus
559 1057 709 1098 sumptu
726 1057 764 1090 et
780 1057 955 1099 expensis
973 1066 1058 1090 cum
1076 1057 1156 1099 ipso
1174 1058 1401 1099 inquisitore
1419 1058 1634 1092 convenire.

278 1111 322 1145 In
354 1112 624 1154 degradatione
657 1121 804 1153 quoque
844 1113 1057 1145 necessaria
1091 1113 1148 1146 est
1185 1113 1378 1154 presentia
1409 1113 1528 1155 ipsius
1564 1114 1767 1153 diocesani,
1800 1115 1865 1156 qui

235 1176 318 1200 cum
348 1166 567 1200 difficultate
596 1176 864 1208 nonnunquam
891 1167 1072 1209 habetur3
1103 1167 1343 1209 difficilisque
1373 1168 1486 1201 etiam
1511 1169 1568 1202 est
1595 1178 1774 1202 numerus
1797 1179 1864 1204 seu

235 1223 440 1256 conventus
472 1221 632 1255 aliorum
663 1223 702 1255 in
734 1222 921 1255 similibus
953 1223 998 1255 dc
1028 1224 1113 1265 jure
1139 1223 1422 1264 requisitorum.
1453 1224 1683 1257 Diocesanus
1715 1234 1864 1266 quoque

234 1287 300 1311 seu
329 1277 542 1310 ordinarius
571 1287 721 1311 causam
749 1278 896 1311 heresis
924 1288 1051 1311 coram
1083 1288 1150 1311 suo
1184 1278 1332 1311 offitiali
1364 1280 1428 1311 aut
1456 1280 1713 1312 commissario
1746 1280 1862 1313 intro-

233 1333 382 1366 ductam
399 1333 437 1366 et
452 1333 674 1366 instructam
691 1333 891 1375 aliquando
910 1343 932 1367 a
948 1343 1014 1366 suo
1034 1333 1187 1366 officiali
1204 1343 1271 1366 seu
1289 1334 1549 1367 commissario
1574 1335 1621 1367 ad
1645 1344 1684 1368 se
1709 1335 1865 1370 advocat

233 1389 269 1422 et
297 1388 351 1421 sic
378 1388 595 1421 advocatam
619 1388 730 1422 alteri
757 1389 975 1430 committitg
1005 1389 1206 1430 manetque
1233 1398 1295 1422 res
1324 1389 1408 1431 ipsa
1436 1389 1482 1422 ob
1510 1389 1549 1422 id
1577 1390 1640 1422 diu
1668 1399 1863 1432 suspensa.

274 1443 449 1477 Audeant
476 1444 590 1476 etiam
617 1444 791 1477 nonnulli
819 1444 944 1477 dicere
968 1444 1235 1485 inquisitorem
1259 1444 1382 1486 ipsum
1409 1454 1520 1486 posse
1546 1445 1740 1478 dumtaxat
1761 1446 1801 1479 in
1825 1447 1864 1480 et

232 1499 278 1532 de
294 1499 512 1532 Lutherana
527 1500 592 1532 aut
608 1499 682 1532 alia
697 1499 836 1539 heresi,
863 1509 937 1532 non
962 1500 1087 1532 autem
1112 1499 1157 1532 de
1181 1499 1426 1542 blasphemiis
1445 1501 1509 1533 aut
1526 1501 1861 1534 detractationibus

230 1555 270 1587 in
294 1555 443 1587 sanctos
467 1555 675 1587 commissis
693 1555 885 1596 inquirere
904 1555 968 1587 aut
990 1555 1209 1596 procedere,
1237 1555 1329 1588 adeo
1356 1556 1454 1596 quod
1478 1555 1801 1597 blasphematores
1824 1557 1862 1590 et

231 1610 463 1643 detractores
491 1609 585 1643 tales
611 1619 654 1643 ac
678 1610 742 1642 alii
769 1610 899 1652 plures
923 1610 1100 1643 libertate
1124 1610 1331 1643 christiana
1353 1610 1549 1644 abutentes
1578 1611 1616 1644 et
1643 1621 1730 1644 suos
1754 1621 1861 1654 supe-

229 1666 351 1698 riores
369 1675 443 1698 non
465 1666 794 1708 recognoscenteS,
821 1666 888 1698 sed
911 1665 997 1698 illos
1022 1665 1134 1707 plane
1154 1665 1438 1699 contemnentes
1465 1666 1503 1699 et
1526 1666 1580 1699 eis
1596 1666 1858 1700 inobedientes

229 1721 405 1762 impuniti
427 1721 665 1762 remaneant3
691 1720 850 1762 aliisque
873 1730 941 1763 per
965 1721 1037 1753 hoc
1060 1721 1216 1762 paratur
1240 1721 1400 1754 materia
1422 1720 1645 1754 rebellionis
1670 1722 1708 1755 et
1730 1722 1859 1756 inobe-

229 1777 371 1809 dientie
398 1785 440 1809 ac
470 1777 516 1809 ad
539 1776 800 1809 insectandum
830 1776 969 1809 dictum
1000 1785 1220 1818 perversum
1249 1785 1315 1809 seu
1344 1776 1447 1809 aliud
1474 1770 1690 1810 damnatum
1721 1777 1859 1821 dogma

228 1832 286 1865 vel
315 1831 479 1865 heresim
506 1831 635 1873 plures
661 1832 818 1873 propter
841 1831 1111 1873 impedimenta
1137 1831 1197 1864 vel
1223 1832 1501 1873 protractiones
1526 1831 1743 1873 huJ'usmodi
1769 1842 1856 1875 pro-

227 1886 401 1920 cliviores
425 1887 652 1928 reddantur3
670 1896 738 1929 per
763 1896 835 1928 que
853 1887 967 1920 etiam
990 1887 1029 1919 et
1046 1886 1120 1919 alia
1136 1886 1275 1919 similia
1291 1896 1365 1919 non
1383 1887 1505 1920 solum
1520 1887 1644 1928 ipsum
1660 1888 1857 1930 negotium

226 1942 494 1984 inquisitioniS,
525 1942 625 1983 quod
648 1943 783 1975 merito
813 1941 1127 1976 accelerationem
1154 1942 1329 1984 requirit,
1355 1943 1611 1985 postergatur,
1636 1943 1853 1985 impeditur,

225 1997 461 2040 protrahitur
478 2006 519 2030 ac
537 2007 611 2030 non
628 1998 719 2030 satis
737 1998 902 2031 timetur.

268 2053 408 2086 Verum
425 2053 595 2094 sequitur
612 2054 650 2086 et
663 2054 840 2086 causatur
868 2053 1006 2086 nedum
1021 2053 1061 2085 in
1084 2052 1203 2092 laicis,
1231 2053 1297 2086 sed
1314 2053 1352 2086 et
1367 2053 1406 2085 in
1424 2052 1691 2085 ecclesiasticis
1707 2062 1856 2087 morum

225 2109 444 2141 deformitas
457 2108 571 2141 etiam
586 2109 800 2150 perniciosa
812 2108 1132 2149 suboriunturque
1150 2107 1326 2141 scandala
1340 2108 1514 2149 plurima.
1530 2107 1713 2141 Nonnulli
1725 2108 1851 2150 etiam,

225 2165 301 2196 tam
318 2164 452 2205 quibus
470 2164 679 2197 animarum
692 2173 786 2196 onus
799 2164 984 2197 incumbit
997 2173 1108 2205 quam
1125 2164 1239 2197 etiam
1255 2163 1440 2206 religiosi,
1458 2163 1498 2195 in
1515 2163 1592 2196 suis
1609 2163 1853 2197 concionibus

222 2220 327 2252 varia
357 2219 557 2258 adducunt,
598 2228 670 2261 que
708 2220 829 2262 magis
864 2219 1031 2252 officiant
1069 2228 1181 2260 quam
1219 2219 1408 2257 edificent,
1451 2219 1689 2260 tractantque
1725 2226 1853 2252 coram

221 2274 418 2316 plebecula
445 2274 598 2307 altiores
626 2275 815 2314 materias,
842 2284 933 2315 quas
961 2275 1152 2308 auditores
1180 2274 1253 2316 ipsi
1277 2283 1412 2316 capere
1437 2283 1512 2306 non
1535 2273 1674 2313 valent,
1700 2274 1852 2316 sibique

225 2339 488 2371 nonnunquam
522 2331 652 2363 mutuo
684 2329 899 2370 detrahunt,
933 2339 974 2363 ac
1006 2331 1099 2372 ejus,
1137 2330 1236 2371 quod
1267 2339 1362 2362 unus
1398 2338 1530 2362 eorum
1568 2329 1718 2368 dixerit,
1756 2329 1853 2363 alter

224 2386 454 2418 contrarium
486 2386 690 2427 assereret3
735 2386 874 2427 fietque
925 2385 1188 2418 scandalorum
1234 2386 1272 2418 et
1303 2384 1585 2418 deformitatum
1619 2383 1848 2426 hujusmodi,

224 2441 297 2473 nisi
314 2440 491 2474 celeriter
509 2441 693 2480 obvietur,
711 2442 784 2482 maj
791 2450 833 2473 or
850 2441 887 2474 et
902 2440 1025 2473 facilis
1042 2441 1283 2483 ingrassatio.

266 2496 398 2537 Itaque
415 2496 567 2529 tandem
583 2496 808 2529 absorbetur
825 2496 1041 2529 obedientia
1057 2496 1194 2537 vixque
1211 2495 1326 2528 etiam
1349 2495 1624 2528 minutissimus
1648 2495 1849 2528 consuetus

223 2551 381 2584 ecclesie
405 2551 527 2584 cultus
553 2551 825 2590 observabitur,
855 2552 921 2584 sed
949 2552 1206 2592 unusquisque
1229 2560 1297 2593 pro
1322 2560 1389 2583 suo
1416 2551 1602 2584 desiderio
1627 2550 1787 2584 alterum
1813 2551 1851 2584 et

224 2606 318 2639 alius
347 2606 506 2640 alterum
528 2607 644 2639 ritum
671 2607 850 2640 inducere
873 2606 985 2646 volet,
1012 2607 1111 2647 quod
1135 2606 1208 2639 erit
1230 2605 1407 2645 finaliter,
1434 2606 1476 2638 ut
1499 2606 1756 2647 unusquisque
1781 2616 1848 2640 suo

223 2662 448 2704 excogitato,
481 2662 705 2694 intemerato
745 2662 783 2694 et
820 2670 888 2703 pro
928 2671 996 2695 sua
1026 2662 1239 2695 temeritate
1270 2661 1479 2702 sompniato
1516 2660 1763 2694 deliramento
1795 2662 1849 2695 sic

222 2716 281 2749 vel
310 2717 362 2749 sic
389 2717 514 2750 vivere
541 2716 659 2758 volet3
687 2718 787 2750 unde
814 2717 994 2758 sequetur
1022 2717 1136 2749 etiam
1162 2717 1201 2750 in
1230 2725 1450 2758 quacunque
1481 2725 1523 2749 re
1551 2716 1703 2758 publica
1729 2716 1848 2758 ipsius

225 2772 441 2804 obediencie
470 2772 747 2805 exterminium.
779 2772 1089 2815 Congrueretque
1117 2773 1155 2805 et
1181 2772 1294 2804 immo
1324 2772 1578 2805 necessarium
1604 2771 1704 2804 foret
1731 2772 1777 2804 ob
1808 2771 1857 2804 id'

223 2828 345 2859 certas
370 2827 546 2860 honestas
571 2829 608 2860 et
630 2827 876 2860 rationabiles
893 2828 1150 2860 ordinationes
1174 2836 1242 2869 pro
1266 2827 1401 2859 horum
1426 2827 1637 2868 temporum
1653 2825 1848 2859 maliciosa

224 2881 403 2922 qualitate
432 2883 477 2914 ad
504 2882 765 2923 reprimendos
794 2883 996 2923 nepharios
1025 2891 1137 2915 ausus
1166 2891 1208 2915 ac
1235 2882 1462 2915 removenda
1492 2881 1668 2914 scandala
1694 2881 1847 2914 alicien-

224 2937 364 2977 dosque
390 2926 533 2969 animos
558 2946 700 2975 eorum,
727 2938 790 2978 qui
806 2939 909 2970 recte
926 2938 1052 2970 vivere
1069 2937 1198 2976 velint,
1214 2937 1388 2975 condere,
1408 2937 1574 2969 statuere
1593 2937 1630 2969 et
1654 2937 1842 2969 ordinare.

221 2991 418 3034 Ipsiusque
441 2991 675 3033 inquisitoris
702 2992 861 3025 offitium
885 2992 934 3025 sit
958 2994 996 3026 et
1019 3002 1117 3026 nunc
1140 2993 1178 3026 id
1203 2994 1391 3034 exposcat,
1418 2994 1459 3025 ut
1485 3001 1560 3025 non
1584 2991 1706 3025 solum
1729 2991 1841 3026 fidem
