2096 3481
792 210 926 242 ANNO
954 209 1036 241 1525
1659 210 1722 242 445

143 316 360 351 Wordenas.
380 317 604 356 Qucmlibet.

134 371 372 416 Loveringytts.
393 372 664 405 Monachumvc
683 381 727 404 an
747 372 954 405 secularem
972 373 1229 406 sacerdotem?

140 427 359 461 Wordenaff.
379 427 512 460 Utrum
533 427 638 460 libet.

133 481 377 525 Loverinyus.
398 482 493 520 Quid
512 483 543 514 si
561 482 784 514 monachum
803 484 1058 516 accersamus?

143 536 360 570 W'ordenas.
381 537 499 569 Licet.
514 567 517 569 .

137 592 374 635 Lovere'nqus.
394 593 449 624 An
469 593 697 625 mundanum
716 593 832 624 mavis
850 594 1106 626 sacerdotem?

139 646 357 680 Wordenas.
378 646 481 679 Nihil
500 656 645 688 mor0r3
665 647 822 689 designa
839 648 875 680 te
893 648 1110 688 quemlibet.

129 701 360 744 Loverinyus
373 702 433 743 (1).
454 702 550 739 Quid
569 703 599 734 si
618 702 800 744 magistro
819 705 948 735 nostro
966 703 1120 736 Ruardo
1138 704 1368 737 confiteare?

135 755 352 790 Wordenas.
373 757 467 799 Age,
488 757 564 789 fiat.

127 811 368 855 Loverz’›7911s.
400 812 558 845 Domine
588 812 769 854 magister
798 814 939 852 noster,
970 823 1015 846 ne
1044 814 1225 856 graveris,
1256 823 1408 855 quaes0,
1436 813 1547 846 huius
1575 814 1722 847 confes-

84 867 230 900 sionem
246 867 284 899 in
302 876 432 899 aurem
451 867 640 908 excipere.

129 919 388 955 Enchusanus.
410 922 508 954 Num
527 922 755 955 detractabis
772 922 865 955 mihi
880 924 1066 963 confiteri,
1088 923 1166 956 fili?

138 975 351 1011 Wordenas.
372 977 539 1010 Minime.

130 1031 375 1075 Loverinyus.
397 1032 581 1065 Divertite
600 1033 645 1065 ad
662 1033 877 1074 proximum
895 1033 965 1065 hoc
983 1033 1174 1067 conclave.

129 1085 386 1121 Enchusanus.
399 1087 468 1120 Eia
478 1088 709 1120 secedamus.
721 1088 910 1122 Confitere
922 1089 994 1121 iam
1007 1099 1117 1127 nune,
1130 1090 1161 1122 si
1172 1089 1308 1131 placet,
1319 1091 1368 1122 mi
1380 1090 1532 1123 domine
1541 1089 1721 1123 Joannes.

139 1141 422 1183 Worde»as(2).
451 1142 532 1184 Ego
566 1145 625 1176 ter
655 1146 844 1184 peccator,
875 1145 912 1177 et
943 1145 1102 1177 infinitis
1135 1145 1350 1178 nominibus
1382 1146 1439 1178 ira
1471 1145 1540 1178 Dei
1573 1145 1722 1188 dignus,

84 1198 207 1230 fateor
234 1207 355 1231 meam
388 1198 694 1231 incredulitatem
734 1199 821 1240 (qua
849 1199 929 1232 sola
962 1209 983 1232 a
1015 1200 1091 1233 Deo
1124 1199 1376 1242 seiungimur)
1409 1201 1447 1232 in
1481 1210 1594 1232 eausa
1624 1209 1722 1237 esse,

86 1254 127 1285 ut
154 1262 227 1285 non
255 1253 308 1285 ita
338 1255 456 1285 totum
486 1255 636 1290 memet,
666 1256 882 1296 contempta
909 1255 1055 1288 seilicet
1078 1256 1213 1292 morte,
1239 1256 1277 1287 in
1304 1256 1422 1288 Deum
1447 1255 1658 1297 projiciam,
1686 1256 1725 1288 et

87 1307 205 1340 veluti
230 1308 491 1340 transcribam.
518 1308 657 1341 Fateor
681 1309 784 1347 item,
811 1319 869 1342 me
895 1310 1068 1342 manibus
1092 1311 1339 1352 pedibusque,
1366 1310 1437 1343 hoe
1462 1313 1530 1347 est,
1551 1310 1724 1342 omnibus

85 1363 202 1396 animi
225 1363 434 1400 affectibus,
462 1364 540 1396 Deo
567 1364 686 1396 obniti
711 1363 878 1403 solitum,
904 1374 950 1398 ne
976 1374 1139 1406 unquam
1164 1365 1257 1397 mihi
1275 1366 1365 1398 satis
1382 1365 1538 1398 libuerit
1554 1365 1626 1407 ipsi
1643 1365 1723 1398 Deo

85 1418 171 1455 fide,
197 1418 369 1459 proximo
395 1422 519 1451 autem
544 1419 728 1451 charitate
754 1420 950 1452 inservire.
978 1420 1083 1453 Adeo
1109 1421 1209 1453 enim
1233 1421 1385 1462 penitus
1410 1420 1503 1452 mihi
1526 1421 1642 1453 insita
1665 1421 1724 1452 est

85 1473 142 1506 vis
158 1474 197 1506 et
212 1474 415 1515 propensio
440 1474 599 1515 peccati,
625 1474 738 1515 idque
763 1483 809 1506 ex
826 1474 1034 1516 philantiae
1057 1476 1163 1513 vitio,
1183 1479 1222 1508 ut
1239 1485 1313 1508 non
1331 1476 1401 1508 sim
1419 1476 1466 1517 (si
1484 1484 1543 1508 me
1566 1475 1723 1516 propius

85 1528 250 1570 intuear)
279 1529 351 1560 nisi
379 1530 573 1570 peceatum
603 1530 723 1570 ipsum
749 1531 786 1562 et
810 1530 940 1562 sordes
965 1539 1091 1563 merae
1119 1540 1126 1563 :
1157 1531 1291 1571 quibus
1325 1540 1346 1563 a
1375 1531 1496 1572 eapite
1529 1531 1575 1563 ad
1607 1531 1723 1562 imum

86 1592 205 1625 usque
236 1583 378 1617 calcem
407 1584 460 1616 sic
491 1584 596 1616 iaceo
630 1584 864 1622 (lefoedatus,
898 1586 973 1617 imo
1006 1586 1206 1619 immersus
1236 1595 1244 1618 z
1280 1587 1322 1618 ut
1349 1586 1381 1618 si
1409 1595 1555 1618 meeum
1583 1585 1724 1618 iudicio

86 1639 335 1676 contendatis,
355 1640 418 1680 qui
442 1640 669 1672 constitutus
694 1641 752 1672 est
777 1649 797 1672 a
821 1640 901 1673 Deo
927 1641 1041 1673 iudex
1065 1641 1236 1673 vivorum
1260 1642 1298 1674 et
1321 1643 1571 1678 mortuorum,
1591 1641 1640 1672 sit
1663 1649 1724 1673 me

86 1695 251 1727 aeternis
268 1694 420 1737 ignibus
438 1695 573 1727 merito
592 1704 674 1727 meo
693 1695 790 1728 iuste
809 1696 1105 1728 adiudicaturus.
1126 1696 1199 1729 Sed
1216 1696 1288 1728 hoc
1304 1695 1444 1728 malum
1461 1696 1554 1728 mihi
1579 1696 1725 1728 avertet

85 1749 225 1791 (spero)
254 1750 414 1792 insignis
440 1751 477 1782 et
505 1749 608 1782 clara
632 1750 702 1783 Dei
730 1751 878 1783 bonitas
907 1760 1000 1793 erga
1027 1761 1107 1790 nos,
1139 1751 1204 1792 qui
1231 1751 1349 1784 tilium
1381 1761 1490 1784 suum
1517 1760 1585 1793 pro
1615 1751 1723 1784 nobis

84 1805 124 1838 in
151 1807 311 1838 mortem
339 1806 454 1842 dedit,
485 1806 525 1837 ut
553 1806 589 1837 in
619 1806 737 1847 ipsius
766 1806 962 1848 sanguine,
990 1816 1101 1847 quem
1125 1806 1218 1838 mihi
1243 1815 1440 1848 aspersum
1465 1807 1626 1849 gaudeo,
1654 1815 1724 1848 per

85 1859 313 1893 charismata
338 1860 500 1901 Spiritus
519 1862 555 1892 ct
573 1860 791 1893 lavachrum
807 1862 1110 1903 regenerationis
1128 1860 1330 1894 abluantur
1346 1861 1439 1894 mihi
1455 1862 1610 1903 peccata
1625 1870 1723 1899 mea,

86 1916 200 1949 etiam
225 1916 257 1948 si
286 1924 485 1949 numerum
512 1915 677 1948 harenae
705 1916 820 1948 maris
849 1917 1043 1949 excedant.
1077 1916 1180 1949 Haec
1206 1926 1266 1949 me
1299 1917 1393 1950 fides
1425 1917 1518 1950 adeo
1548 1925 1723 1950 securum

85 1971 190 2009 facit,
224 1973 265 2003 ut
296 1970 377 2004 leve
406 1971 499 2003 mihi
527 1971 577 2003 sit
604 1971 699 2004 hanc
727 1972 860 2004 mortis
890 1972 1062 2004 umbram
1091 1972 1209 2009 adire,
1238 1981 1307 2014 pro
1333 1974 1437 2005 certa
1461 1973 1724 2014 expectatione

86 2026 256 2059 melioris
288 2028 414 2063 sortis,
449 2035 544 2067 quae
578 2036 644 2059 nos
680 2027 830 2068 quidem
866 2028 943 2060 vita
974 2027 1118 2060 solutus
1158 2029 1296 2061 manet.
1338 2028 1445 2061 Hane
1480 2027 1573 2060 mihi
1612 2027 1724 2060 fidem

88 2081 274 2125 adaugeat
291 2084 327 2115 et
345 2082 555 2119 confirmet,
571 2082 634 2122 qui
653 2084 710 2114 est
726 2091 840 2124 super
857 2083 983 2115 omnia
996 2083 1218 2116 benedictus
1236 2083 1337 2116 Deus
1355 2083 1392 2116 in
1410 2082 1572 2117 saecula.
1589 2082 1723 2116 Amen.

130 2135 388 2170 Enchusanus.
409 2137 546 2179 Perge.

137 2193 355 2226 Wordenas.
377 2192 479 2225 Haec
497 2192 623 2229 habui.
643 2202 738 2233 quae
756 2193 971 2226 confiterer.

130 2245 389 2281 Enchusanus.
409 2247 575 2280 Hoeeine
593 2248 766 2280 confiteri
784 2249 863 2280 est?
881 2248 944 2280 ubi
963 2247 1067 2281 nulla
1083 2247 1140 2281 vel
1158 2248 1407 2292 perstringas,
1427 2247 1485 2282 vel
1505 2249 1550 2282 de
1568 2249 1721 2283 nomine

86 2310 286 2335 recenseas
304 2303 479 2344 peccata?

137 2357 355 2391 Wordenas.
391 2358 473 2390 Non
507 2360 564 2391 est
595 2357 677 2391 leve
708 2360 916 2400 peccatum,
951 2359 1044 2391 mihi
1071 2359 1198 2401 erede,
1231 2359 1477 2393 incredulitas
1504 2369 1511 2392 :
1543 2360 1589 2392 ob
1622 2360 1723 2401 quod

88 2421 204 2446 unum
220 2413 448 2446 iudicabitur
465 2422 487 2445 a
503 2412 646 2455 Spiritu
664 2415 792 2446 saneto
811 2413 984 2446 mundus.

132 2466 389 2503 Enchusanus.
417 2468 549 2502 Adeon
578 2468 672 2501 nihil
701 2469 760 2502 est
793 2469 951 2511 peceati,
982 2469 1082 2511 quod
1108 2470 1328 2505 memineris
1355 2480 1424 2513 per
1456 2471 1492 2504 te
1520 2471 1723 2504 admissum

88 2524 195 2557 esse?

138 2578 356 2613 Wordenas.
390 2579 505 2614 Visne
534 2579 603 2613 tibi
634 2580 897 2620 scortationes,
935 2580 1153 2619 ebrietates,
1191 2582 1338 2620 caedes,
1371 2581 1556 2625 periuria,
1589 2581 1724 2621 aleam,

87 2633 192 2668 velut
215 2635 253 2667 in
279 2635 418 2678 digitos
444 2636 664 2678 supputemz
687 2635 803 2678 Atqui
826 2635 962 2670 horum
985 2636 1078 2670 mihi
1095 2638 1268 2671 conscius
1292 2647 1367 2671 non
1393 2647 1487 2678 sum,
1514 2638 1662 2672 etiamsi
1685 2638 1725 2672 in

90 2688 162 2723 hoc
179 2690 405 2724 iustificatus
424 2701 498 2724 non
516 2692 599 2724 sim.

133 2856 180 2901 (1)
205 2859 253 2893 In
276 2860 449 2903 maryz'ne
468 2869 475 2892 :
494 2860 641 2894 Astute.

134 2914 182 2955 (2)
272 2914 376 2951 Idem
469 2925 476 2948 :
497 2915 692 2951 Confessio
711 2913 880 2958 Pistorij.
