2096 3481
748 225 885 259 ANNO
912 226 995 258 1522
1644 223 1707 255 109

116 335 220 368 Unde
237 335 358 367 fateor
371 343 539 368 errorem
563 343 686 368 meum
714 336 752 367 et
775 335 896 367 sentio
929 337 966 366 et
992 335 1101 367 teneo
1130 333 1307 376 operibus
1337 333 1474 366 nostris
1499 332 1704 366 meritoriis

69 399 151 423 esse
167 390 445 428 confidendum,
472 390 540 423 Dei
559 389 819 422 misericordia
847 389 1091 430 approbante.

111 444 217 482 Quod
234 445 449 485 scripserim
464 444 731 477 etexhortatus
746 444 894 479 fuerim,
914 443 990 485 legi
1009 444 1126 476 libros
1146 444 1300 477 Lutheri
1316 445 1354 475 et
1371 444 1452 484 vjiis
1471 443 1701 484 sequacium.

66 508 111 532 eo
135 499 234 540 quod
259 499 447 532 Christum
477 500 613 531 (locent
636 498 798 531 exclusis
824 499 1041 530 doctoribus
1070 499 1317 534 scholasticis,
1349 499 1460 538 impi(¹
1505 499 1703 529 minutulum

66 554 165 586 suasi
183 555 220 585 et
237 554 403 594 iniquam
420 554 722 586 exhortationem
748 556 858 594 atque
877 562 1090 595 perversam
1108 554 1260 585 «exhibui
1278 554 1321 585 ad
1343 552 1523 584 lecturam
1547 552 1705 584 liutheri

65 608 291 641 christianos
317 609 509 647 inducens,
535 611 573 641 ct
600 610 722 641 fateor
756 618 813 639 nie
843 608 1181 640 irreverentialiter
1211 610 1248 640 et
1275 608 1456 648 inJuriose
1486 608 1704 639 s1=1isis512et

65 663 259 704 scripsisse
282 664 326 695 de
345 663 578 696 scholasticis
604 663 833 699 doctoribus,
854 673 946 703 quos
961 664 1085 704 potius
1101 666 1210 695 tem-0
1230 663 1418 695 Christum
1439 662 1573 693 docere
1593 671 1702 702 quam

64 717 273 751 Lutherum
299 720 337 750 et
365 718 522 751 Lutheri
552 727 746 758 sequaces.

107 772 213 812 Quod
231 772 400 805 libellum
415 773 601 806 Johannis
625 773 757 806 Gochii
787 772 1021 805 delibertate
1047 773 1256 805 christiana
1284 772 1514 804 intitulatum
1543 772 1703 803 (austeris

62 828 278 860 doctoribus
300 828 557 870 praetulerim,
576 829 699 861 fateor
727 837 785 861 me
811 829 1072 869 imprudenter
1096 829 1135 860 et
1163 829 1305 860 temere
1321 827 1357 859 id
1386 827 1596 868 scripsisse,
1616 836 1700 858 cuni

62 881 234 916 libellum
252 892 326 915 non
344 882 518 926 legerim.

105 937 212 976 Quod
229 938 412 971 senserim
426 939 537 980 atque
566 938 765 976 tenuerim,
781 939 1134 971 condemnationem
1153 936 1410 980 apostolicam,
1427 945 1501 977 qua
1513 936 1702 969 Lutherus

60 1001 144 1025 cum
161 1001 229 1026 sua
241 993 413 1026 doctrina
424 993 694 1026 condemnatus
723 994 792 1032 est,
807 994 924 1027 fuisse
956 994 1136 1035 injustam
1154 994 1266 1034 atque
1292 993 1473 1033 iniquam,
1492 993 1530 1024 et
1544 991 1643 1023 idem
1657 991 1703 1023 de

60 1048 182 1081 edicto
196 1047 384 1090 imperiali
398 1048 596 1087 tenuerim,
607 1049 722 1090 impie
739 1049 839 1082 sensi
854 1051 892 1082 et
908 1050 1170 1082 sacrosanctae
1187 1048 1268 1081 sedi
1283 1046 1513 1089 apostolicae
1525 1046 1703 1088 injuriam

59 1103 260 1136 temerarie
284 1102 407 1142 intuli,
427 1104 465 1136 et
497 1104 701 1136 instructus
729 1105 852 1136 fateor
876 1104 1228 1136 condemnationem
1254 1102 1416 1135 Luthcri
1442 1102 1558 1134 fuisse
1583 1100 1704 1143 legiti-

59 1166 169 1196 mam,
184 1157 261 1201 legi
279 1159 361 1197 Dei,
387 1158 504 1191 sacris
517 1158 688 1191 conciliis
717 1160 910 1200 sacrisque
929 1159 1146 1191 doctoribus
1176 1167 1394 1195 consonam,
1417 1159 1455 1190 et
1479 1156 1601 1189 sentio
1628 1165 1700 1188 non

58 1213 175 1246 fuisse
193 1222 298 1254 opus,
314 1213 522 1246 Lutherum
549 1214 759 1246 rationibus
784 1214 968 1252 convinci,
984 1223 1069 1246 curn
1087 1214 1169 1255 ejus
1189 1213 1362 1245 doctrina
1374 1213 1423 1244 sit
1441 1211 1552 1253 plena
1570 1211 1704 1244 errori-

57 1267 127 1300 bus
159 1269 197 1301 et
217 1267 397 1310 simplicis
436 1268 566 1310 populi
594 1269 804 1302 sententiae
839 1270 877 1302 ct
905 1269 1078 1301 omnibus
1108 1268 1326 1301 doctoribus
1364 1267 1517 1309 injuria,
1554 1266 1700 1308 pietati,

58 1322 240 1356 ecclesiae
268 1324 440 1356 etordini
457 1324 693 1356 hierarchice
711 1324 827 1365 impie
853 1324 1093 1366 derogatura,
1126 1325 1255 1365 aperte
1284 1322 1542 1359 schismatica,
1572 1329 1701 1354 sacrae

57 1378 266 1420 scripturae
302 1379 468 1418 adversa,
499 1380 537 1411 et
553 1380 635 1421 ejus
667 1379 919 1420 depravativa,
939 1380 976 1411 in
1006 1379 1188 1420 Spiritum
1206 1378 1384 1411 Sanctum
1416 1377 1637 1418 blasphema
1664 1377 1703 1408 et

56 1433 286 1475 reipublicae
303 1434 532 1467 christianae
557 1434 778 1475 pernitiosa,
798 1435 932 1467 etideo
958 1435 1111 1466 omnino
1130 1433 1436 1474 exterminanda3
1458 1442 1525 1464 nec
1549 1432 1702 1464 audien-

58 1488 126 1521 dus
143 1490 236 1527 erat,
252 1490 340 1530 quia
353 1490 592 1530 antiquarum
609 1489 824 1522 haeresium
842 1491 899 1522 est
911 1490 1156 1529 instaurator3
1177 1489 1299 1530 quoad
1313 1489 1476 1521 edictum
1491 1486 1701 1528 imperiale,

57 1544 294 1585 majestatem
323 1545 606 1586 imperatoriam
634 1544 786 1583 offendi,
827 1545 956 1586 inique
981 1545 1149 1577 sentiens
1179 1545 1224 1576 de
1259 1544 1344 1585 eJ'us
1369 1543 1506 1580 edicto,
1538 1542 1604 1574 sed
1626 1542 1702 1583 jam

58 1598 181 1640 ipsum
204 1599 368 1632 edictum
393 1600 575 1640 aequitati
600 1602 639 1632 et
665 1600 817 1633 veritati
841 1609 1048 1632 consonum
1073 1608 1222 1632 censeO.

100 1653 208 1693 Quod
234 1655 418 1688 senserim
433 1655 477 1687 de
491 1655 729 1688 confessione
747 1655 1023 1694 sacramentali,
1045 1664 1118 1687 non
1142 1664 1225 1687 esse
1259 1653 1436 1686 videlicet
1450 1653 1546 1694 juris
1571 1651 1701 1690 divini,

56 1710 122 1742 sed
139 1709 184 1742 ab
220 1709 436 1742 hominibus
465 1711 688 1749 institutam,
723 1711 925 1752 erraviJ'us
957 1710 1125 1742 divinum
1152 1710 1352 1751 ignorans,
1379 1710 1417 1741 et
1434 1707 1635 1740 temerarie
1667 1708 1706 1739 et

55 1765 170 1806 impie
186 1774 233 1798 ex
256 1765 494 1798 institutione
513 1765 708 1798 hominum
722 1765 826 1798 illam
843 1766 1124 1798 confessionem
1151 1765 1341 1807 originem
1359 1763 1499 1796 habere
1514 1770 1700 1800 asserem,

54 1820 181 1861 itaque
207 1821 413 1854 instructus
437 1830 586 1860 censeo,
611 1821 658 1854 ad
687 1821 748 1863 jus
777 1821 943 1853 divinum
968 1821 1174 1862 pertinere,
1195 1829 1263 1853 1100
1281 1829 1326 1853 ex
1356 1818 1573 1851 hominibus
1601 1826 1699 1850 ema-

57 1884 178 1915 nasse,
198 1876 270 1908 nisi
287 1877 410 1918 quoad
424 1877 606 1918 temporis
624 1876 993 1909 determinationem.

99 1930 205 1970 Quod
243 1932 426 1965 senserim
461 1934 500 1965 et
522 1931 665 1973 pluries
693 1931 932 1968 contulerim.
983 1930 1242 1973 indulgentias
1276 1939 1349 1962 non
1382 1938 1465 1963 esse
1511 1928 1697 1966 efficaces,

57 1987 179 2019 erravi
197 1987 410 2025 temerarie,
437 1987 615 2028 injuriam
632 1987 800 2020 inferens
823 1987 905 2020 sedi
924 1986 1154 2028 apostolicae
1169 1987 1206 2018 et
1224 1986 1340 2018 sacris
1354 1984 1538 2022 conciliis,
1554 1984 1617 2024 qui
1635 1992 1698 2015 eas

57 2043 234 2083 tanquam
251 2042 421 2075 efficaces
439 2042 646 2075 secundum
676 2042 942 2080 intentionem,
978 2051 1054 2082 qua
1070 2042 1109 2074 in
1133 2041 1296 2074 ecclesia
1313 2040 1439 2072 debite
1464 2039 1697 2076 conceditur,

58 2097 193 2138 quibus
231 2097 403 2130 homines
440 2098 659 2139 peccatores
698 2097 922 2130 relaxantur
965 2106 987 2129 a
1024 2097 1157 2138 poenis
1205 2097 1243 2128 in
1276 2095 1500 2137 purgatorio
1548 2093 1697 2131 debitis,

57 2152 264 2193 positisque
282 2152 358 2184 illis
383 2162 477 2194 quae
495 2153 532 2184 in
547 2152 684 2185 litteris
704 2152 1026 2194 indulgentiarum
1055 2152 1323 2193 expediuntur,
1345 2150 1558 2183 sortiuntur
1590 2157 1699 2181 suum

57 2207 244 2246 effectum,
264 2211 302 2240 et
318 2207 495 2240 solatium
518 2208 665 2240 animae
691 2210 728 2240 et
753 2207 1008 2240 conscientiae
1037 2208 1125 2239 sunt
1148 2206 1394 2247 reputandae,
1414 2207 1452 2237 et
1477 2206 1600 2236 fateor
1616 2213 1698 2236 esse

57 2262 276 2296 thesaurum
307 2262 502 2300 ecclesiae,
529 2263 662 2295 merita
683 2263 860 2296 videlicet
899 2262 1039 2295 Christi
1072 2262 1110 2294 et
1137 2263 1366 2298 sanctorum,
1395 2268 1505 2300 quem
1531 2268 1699 2291 summus

56 2319 227 2360 pontifex
245 2318 359 2351 habet
375 2318 640 2351 administrare
666 2317 852 2350 fidelibus.

101 2375 340 2416 cognoscens
372 2374 490 2416 igitur
523 2382 591 2415 per
629 2373 791 2415 gratiam
824 2374 892 2405 Dei
929 2373 1140 2410 veritatem,
1171 2373 1209 2404 et
1241 2372 1463 2405 instructus,
1495 2378 1630 2402 revoco
1659 2370 1697 2400 et

56 2430 232 2467 retracto,
264 2431 304 2461 ut
335 2429 424 2467 dixi,
455 2438 585 2461 omnes
610 2437 760 2461 errores
786 2438 880 2469 quos
904 2428 1102 2465 senserim,
1129 2427 1348 2468 scripserim
1377 2425 1433 2458 vel
1464 2424 1694 2456 conferendo

57 2485 303 2524 asseruerim;
323 2486 361 2516 et
377 2485 512 2516 damno
531 2493 679 2516 omnem
708 2483 882 2516 haeresin
901 2486 939 2515 et
963 2491 1146 2520 errorem,
1165 2482 1402 2523 potissimum
1422 2480 1693 2516 Lutheranum,

57 2541 94 2572 et
107 2539 314 2582 amplector
327 2540 437 2572 fidem
452 2538 687 2576 catholicam,
699 2548 809 2580 quam
818 2540 948 2571 sancta
959 2538 1132 2571 Romana
1144 2537 1426 2570 Ecclesiatenct
1439 2537 1476 2567 et
1489 2534 1694 2576 praedicat,

57 2595 140 2628 etei
158 2604 217 2628 me
234 2595 272 2627 in
291 2595 363 2628 fide
381 2596 419 2628 et
443 2594 616 2627 omnibus
629 2604 725 2635 quae
740 2594 849 2627 docet
866 2594 1058 2632 submitto,
1077 2594 1116 2626 et
1131 2593 1312 2634 promitto
1327 2592 1364 2623 et
1379 2591 1478 2632 Ju1·0‚
1499 2590 1596 2621 sicut
1618 2589 1695 2630 Jam

55 2651 211 2692 promisi
236 2651 412 2692 etjuravi
437 2650 472 2682 ei
497 2649 717 2687 adhaerere,
751 2651 789 2683 et
812 2649 1021 2682 Lutherum
1049 2657 1134 2681 cum
1158 2657 1226 2680 suo
1245 2647 1422 2689 dogmate
1439 2643 1571 2686 procul
1590 2653 1611 2676 a
1636 2652 1695 2676 me

58 2705 234 2747 abjicere,

100 2759 202 2793 Haec
219 2769 334 2802 supra
349 2761 490 2802 scripta
503 2769 587 2803 eg0,
607 2759 804 2793 Cornelius
822 2758 1030 2801 Grapheus‚
1057 2757 1179 2792 libens
1203 2759 1242 2791 et.
1266 2756 1394 2790 volens
1420 2754 1569 2797 scripsi,
1595 2755 1633 2787 et
1657 2755 1695 2787 in

55 2823 137 2848 eam
154 2816 314 2848 sormam
331 2825 404 2857 qua
421 2816 563 2857 scripta
579 2817 677 2854 sunt,
697 2824 779 2848 sum
801 2815 1001 2848 contentus
1018 2815 1056 2846 et
1072 2815 1226 2855 paratus
1244 2820 1423 2845 revocare
1449 2813 1486 2844 et
1504 2811 1694 2852 abjurare,

57 2871 354 2912 quandocunque
372 2870 464 2903 mihi
490 2871 725 2913 injungetur,
745 2871 840 2903 teste
866 2878 950 2902 mea
966 2878 1076 2902 manu
1095 2869 1261 2910 propria.

98 2926 233 2959 Actum
249 2926 433 2967 vigesima
450 2927 564 2958 tertia
581 2926 640 2958 die
667 2926 806 2958 mensis
819 2924 974 2967 Aprilis,
993 2928 1031 2956 et
1056 2934 1153 2956 anno
1181 2923 1331 2956 Domini
1361 2921 1561 2955 millesimo
1587 2920 1694 2962 quin-

58 2981 268 3022 gentesimo
287 2982 469 3023 vigesimo
489 2981 666 3013 secundo.
