2096 3481
798 346 934 382 ANNO
961 347 1044 380 1525
1671 350 1736 382 437

115 453 187 488 hoc
204 456 374 498 optamus
391 455 516 498 potius
529 456 648 488 modis
663 456 846 495 omnibtis,
863 458 902 489 ut
920 458 964 490 ad
982 458 1166 499 gremium
1185 457 1314 490 matris
1329 456 1509 489 ecelesiae
1528 457 1660 490 redeas
1673 457 1734 497 (l).

166 510 376 544 Wordenas.
405 510 521 550 Quam
550 520 610 544 me
639 511 781 544 salvum
810 513 959 553 optetis,
989 513 1027 545 id
1058 521 1100 546 re
1128 513 1210 554 ipsa
1241 511 1458 545 declarabit.
1491 512 1594 544 Nune
1622 521 1735 554 porro

115 564 226 598 aliter
243 565 396 598 affectus
415 575 487 598 non
505 576 599 603 sum,
619 575 729 607 quam
747 567 954 600 audivistis.

159 619 423 654 Rosemmzdus.
450 620 521 660 Ah,
551 621 600 654 mi
626 621 691 658 tili,
717 622 903 664 propitius
928 623 978 654 sis
1004 623 1089 664 tibi;
1116 622 1179 655 det
1203 622 1270 655 tibi
1297 622 1396 655 Deus
1421 621 1532 654 aliam
1558 622 1734 660 mentem,

113 684 260 718 precor.

165 729 475 764 Wordenas.1mo
493 732 617 772 potius
636 733 761 773 optem
778 732 882 764 vobis
908 732 1017 765 aliam
1044 733 1205 765 mentem
1231 732 1326 771 dari,
1352 740 1424 772 quo
1449 731 1638 763 desistatis
1663 740 1737 764 non

114 785 223 818 modo
241 785 487 828 Evangelium
505 787 694 827 persequi,
714 788 778 820 sed
798 796 864 819 nos
884 797 1031 828 quoque
1049 787 1152 819 verbi
1171 787 1285 819 divini
1304 787 1418 819 testes
1436 786 1518 818 neci
1537 786 1637 818 dare.

156 839 369 874 Montanus.
391 840 446 874 Tu
465 841 574 874 nimis
592 841 708 874 altum
726 842 779 874 vis
797 851 950 884 sapere;
972 842 1047 874 noli
1065 842 1176 874 inniti
1193 841 1416 883 prudentiae
1436 841 1534 873 tuae.

164 894 377 929 Wordenas.
411 896 593 937 Equidem
629 897 853 938 prudentiae
888 906 1006 934 meac,
1040 897 1076 929 in
1109 896 1179 929 1100
1207 896 1430 938 praesertim
1464 896 1633 938 negocio,
1664 904 1738 928 non

112 950 266 989 innitor,
291 950 357 983 sed
380 952 510 992 petrae
535 951 729 988 soliditati,
750 951 818 984 1100
837 958 894 984 est
911 952 1072 990 Christo,
1091 951 1202 993 plane
1220 951 1406 984 adhaereo
1426 961 1434 982 ε
1455 960 1475 983 a
1491 951 1596 983 cuius
1614 950 1738 983 verbis

112 1005 305 1038 discedere
324 1015 369 1038 nc
387 1006 424 1038 in
443 1008 563 1038 morte
581 1007 730 1047 quidem
750 1007 896 1039 animus
913 1009 982 1039 est.

155 1060 356 1094 Montanus
367 1060 427 1102 (2).
445 1060 562 1099 Quid?
577 1061 669 1094 nihil
685 1063 721 1094 te
739 1063 889 1094 movent
906 1062 1106 1094 orthodoxi
1123 1061 1267 1099 Patres,
1285 1061 1378 1094 nihil
1393 1061 1575 1094 ecclcsiae
1589 1062 1740 1093 sanctae

112 1115 335 1153 authoritas,
350 1115 443 1148 nihil
463 1116 708 1149 conciliorum
728 1117 891 1155 decreta,
908 1117 1000 1149 nihil
1019 1126 1223 1149 cousensus
1236 1116 1378 1158 pepuli,
1396 1116 1488 1148 nihil
1504 1119 1559 1148 tot
1575 1114 1737 1148 saeculis

111 1172 286 1212 receptus
318 1172 356 1203 et
386 1171 566 1212 probatus
598 1172 694 1205 bene
728 1172 865 1214 agendi
898 1173 1012 1204 usus?
1045 1181 1130 1204 num
1165 1181 1260 1204 unus
1292 1171 1376 1213 plus
1409 1171 1509 1212 sapis
1541 1169 1740 1203 omnibus?

111 1225 300 1259 Adversus
317 1226 409 1258 haec
427 1227 552 1259 omnia
569 1227 722 1265 sentire,
742 1236 786 1259 an
807 1236 878 1259 non
897 1227 1006 1259 inniti
1024 1228 1081 1259 est
1098 1227 1320 1268 prudentiae
1338 1227 1535 1268 propriae?

156 1278 410 1314 Enchusanus.
432 1282 528 1314 Prae
547 1283 583 1314 te
601 1281 680 1314 solo
699 1281 844 1314 scilicet
861 1282 1042 1314 errabunt
1066 1283 1217 1314 omnes?

156 1334 370 1368 Wordenas.
391 1335 549 1369 Etiamsi
567 1336 723 1379 angelus
749 1346 770 1369 a
793 1336 898 1369 coelo
925 1336 1026 1369 aliud
1045 1337 1151 1369 nobis
1169 1337 1454 1369 annunciaverit
1478 1335 1739 1379 Evangelium‚

113 1399 223 1432 quam
247 1391 347 1432 quod
372 1392 416 1424 ab
445 1391 626 1433 Apostolo
656 1392 879 1433 accepimus,
907 1391 1108 1424 anathema
1136 1392 1196 1424 sit.
1227 1390 1482 1424 Contrahendi
1510 1392 1738 1433 matrimonij

111 1445 325 1479 libertatem
354 1446 461 1478 nobis
489 1447 661 1479 concedit
691 1446 886 1488 Scriptura
913 1456 1031 1479 sacra.
1066 1446 1174 1479 Illam
1208 1456 1280 1478 non
1314 1447 1436 1488 patiar
1468 1446 1560 1479 mihi
1593 1447 1689 1488 eripi
1720 1455 1742 1480 a

111 1500 263 1534 mortali
289 1501 362 1533 die.
389 1501 468 1533 Nec
492 1502 624 1534 contra
647 1501 718 1534 1100
743 1502 853 1534 audio
879 1500 1051 1538 concilia,
1078 1501 1225 1538 Patres,
1252 1501 1434 1534 ecclesiae
1458 1501 1740 1539 authoritatem,

111 1564 221 1588 usum
234 1559 272 1589 et
284 1556 597 1589 consuetudinem
617 1566 624 1588 ε
641 1566 735 1597 quae
754 1557 904 1597 quidem
923 1557 1048 1589 omnia
1065 1556 1158 1589 nihil
1175 1557 1437 1598 praeiudicare
1454 1558 1612 1598 possunt
1627 1557 1742 1589 verbo

112 1610 204 1652 Dei3
225 1611 324 1652 quod
341 1611 417 1643 scio
436 1620 457 1643 a
477 1613 585 1652 parte
603 1613 731 1644 nostra
748 1614 860 1645 stare.

153 1663 401 1699 Enchusanus
414 1666 475 1707 (3).
494 1666 589 1708 Age,
609 1676 707 1699 nunc
725 1676 796 1709 ego
815 1668 945 1708 aperto
964 1666 1181 1708 Scripturae
1206 1675 1334 1700 sacrae
1352 1666 1434 1699 1000
1453 1676 1620 1699 crassum
1639 1668 1743 1700 tuum

111 1729 281 1754 errorem
312 1720 522 1754 convellam
560 1731 567 1753 :
601 1722 903 1763 quandoquidem
936 1731 1009 1754 non
1041 1722 1096 1754 vis
1129 1722 1201 1754 nisi
1233 1731 1340 1755 sacra
1367 1722 1435 1754 tibi
1465 1722 1640 1764 proponi.
1669 1722 1740 1759 Ita,

110 1775 232 1817 inquit
260 1775 430 1809 Christus
450 1786 457 1808 :
487 1790 502 1803 u
522 1776 602 1818 Ego
627 1785 695 1818 pro
722 1778 757 1810 te
783 1777 926 1819 rogavi,
947 1776 1072 1818 Petre,
1100 1778 1140 1809 ut
1157 1786 1230 1809 non
1249 1777 1399 1810 deficiat
1416 1777 1509 1810 fides
1527 1778 1591 1809 tua
1609 1786 1616 1809 :
1647 1778 1684 1810 et
1702 1778 1741 1810 tu

112 1830 313 1872 aliquando
352 1840 568 1868 conversus,
609 1832 791 1864 confirma
827 1833 965 1866 fratres
999 1833 1095 1865 tuos.
1116 1848 1131 1861 ἰ
1160 1832 1408 1875 Agnoscisne,
1442 1831 1567 1871 homo,
1601 1831 1743 1865 Christi

112 1886 317 1919 servatoris
334 1887 454 1919 nostri
471 1887 651 1920 verbum?

164 1939 376 1974 Wordenas.
395 1942 571 1983 Agnosco
590 1944 627 1975 et
644 1951 805 1975 veneror
823 1951 830 1974 :
852 1943 940 1983 quid
958 1944 1082 1975 autem
1100 1951 1231 1975 censes
1248 1942 1336 1974 hinc
1353 1942 1613 1975 inferendum?

155 1994 399 2030 Enchusanus
414 1996 474 2038 (4).
502 1996 593 2029 Cum
619 1998 712 2030 fides
738 1997 951 2030 orthodoxa
974 1998 1011 2030 in
1037 1997 1152 2031 Petro
1179 2006 1369 2038 nunquam
1395 1997 1590 2034 defecerit,
1616 2006 1745 2031 conse-

114 2060 232 2092 quens
265 2052 334 2089 est,
368 2061 437 2084 nec
468 2051 506 2084 in
540 2051 712 2085 Romano
746 2052 974 2085 Pontificatu
1008 2052 1127 2094 ipsam
1161 2052 1323 2085 deficere
1355 2060 1481 2093 posse,
1513 2051 1573 2084 cui
1607 2051 1744 2084 Petrus

113 2106 194 2148 ipse
221 2115 290 2148 per
322 2115 559 2139 successores
592 2117 678 2139 suos
708 2107 829 2139 adhuc
857 2107 995 2140 dicitur
1025 2107 1256 2149 praesidere.
1290 2106 1475 2147 Quicquid
1506 2107 1625 2149 igitur
1651 2106 1745 2140 haec

112 2159 331 2202 Apostoliea
346 2162 454 2194 sedes
480 2162 702 2200 decreverit,
730 2171 840 2195 nemo
866 2161 1098 2195 orthodoxus
1123 2162 1277 2204 negabit
1301 2160 1571 2195 inviolabiliter
1595 2170 1744 2195 servan-

112 2215 200 2248 dum
219 2224 316 2249 esse.
334 2215 461 2249 Habes
480 2216 726 2258 Scripturam,
746 2217 791 2249 ad
809 2226 919 2258 quam
938 2226 1088 2259 semper
1103 2226 1297 2258 provocas.

163 2269 379 2304 Wordenas.
399 2270 428 2304 Ο
447 2271 610 2304 insulsos
629 2272 908 2313 scripturarum
922 2273 1165 2313 interpretes,
1183 2272 1221 2304 in
1240 2272 1376 2312 quibus
1394 2272 1508 2304 ctiam
1526 2280 1585 2304 me
1601 2271 1744 2313 pudeat

112 2325 318 2369 theologici
341 2326 517 2364 nominis,
537 2327 569 2359 si
593 2327 647 2359 sic
671 2336 739 2368 per
765 2328 891 2360 omnia
907 2327 944 2359 in
971 2327 1087 2359 saeris
1112 2327 1282 2359 doceant.
1304 2327 1416 2359 Fides
1434 2327 1553 2365 Petri,
1573 2335 1647 2368 qua
1662 2325 1742 2364 ille,

111 2382 266 2423 praeter
284 2390 432 2414 omnem
451 2383 575 2414 carnis
592 2391 756 2419 sensum,
776 2381 966 2414 Christum
981 2381 1099 2414 tilium
1119 2382 1188 2414 Dei
1204 2382 1276 2414 vivi
1292 2383 1448 2414 testatus
1465 2384 1534 2420 est,
1554 2390 1744 2423 nunquam

112 2435 251 2469 defecit
264 2435 326 2478 (5),
359 2437 425 2469 sed
458 2445 526 2469 nee
558 2446 721 2478 unquam
755 2437 916 2471 deliciet.
959 2437 1046 2469 dum
1087 2437 1123 2469 in
1156 2437 1247 2469 orbe
1279 2435 1349 2469 hoc
1381 2436 1493 2470 electi
1523 2438 1646 2475 crunt,
1680 2437 1743 2478 qui

112 2490 252 2523 Christi
271 2500 407 2524 nomen
432 2501 515 2524 cum
542 2491 657 2524 Petro
683 2492 812 2525 eadem
840 2492 927 2524 fidei
953 2492 1131 2524 firmitate
1156 2491 1414 2524 celebrabunt.
1442 2491 1539 2530 Quid
1563 2492 1627 2524 aut
1650 2491 1744 2525 haec

112 2545 202 2578 fidei
233 2545 419 2578 stabilitas
451 2546 497 2579 ad
529 2546 655 2588 Papae
687 2556 860 2589 regnum.
895 2547 940 2579 ad
979 2546 1172 2579 Romanae
1209 2546 1391 2580 ecclesiae
1430 2547 1656 2584 vastitatem,
1698 2547 1744 2579 ad

111 2599 306 2633 hominum
340 2601 588 2634 traditiones?
619 2601 760 2634 Electis
792 2602 976 2634 affuturus
1006 2603 1062 2634 est
1090 2601 1260 2634 Christus
1291 2610 1408 2643 usque
1437 2602 1481 2634 ad
1511 2610 1744 2634 consumma-

113 2655 254 2688 tionem
282 2655 522 2688 seculorum:
553 2665 626 2697 quo
655 2657 755 2689 dieto
785 2656 878 2688 nihil
904 2657 1028 2688 minus
1053 2665 1162 2697 quam
1189 2657 1435 2689 I'ontitieatus
1459 2656 1524 2690 ille
1548 2656 1742 2689 Romanus

156 2808 204 2850 (1)
231 2809 276 2842 In
300 2810 472 2852 mar-qim
491 2819 498 2841 :
528 2810 577 2843 Ut
593 2810 775 2843 mentitur
792 2810 971 2850 iniquitas
989 2809 1072 2842 sibi.

156 2863 202 2904 (2)
292 2862 396 2896 Idem
489 2873 497 2897 :
523 2864 637 2897 Inniti
656 2865 831 2906 propriae
848 2865 1084 2906 prudentiae.

159 2918 207 2959 (3)
297 2917 403 2950 Idem
495 2929 502 2951 :
530 2919 752 2952 Parturiunt
769 2925 929 2955 montes.
948 2922 1021 2952 etc.

157 2971 204 3014 (4)
295 2971 400 3006 Idem
491 2983 499 3006 ε
525 2973 738 3007 Achilleum
757 2976 1034 3017 argumentum,
1055 2975 1086 3006 si
1104 2974 1174 3016 ‹lijs
1190 2973 1325 3016 placet.

158 3027 205 3070 (5)
295 3025 403 3061 Idem
494 3037 501 3061 :
529 3028 660 3063 Fidem
678 3029 784 3063 Petri
804 3038 994 3071 nunquam
1012 3030 1187 3064 deficere.
