2096 3481
854 281 918 314 AN
926 281 955 314 N
962 280 990 314 O
1017 280 1100 314 1525
1732 279 1792 310 441

205 391 477 426 Rosemundus.
498 393 599 425 Deus
615 392 725 431 bone,
746 400 856 433 quam
872 390 1179 434 praesumptuosi
1196 390 1284 423 sunt
1300 388 1364 422 isti
1381 387 1602 421 Lutherani.
1622 387 1704 430 Ego
1722 396 1796 420 non

163 449 283 481 ausim
301 448 346 480 dc
363 456 422 480 me
439 448 578 486 dicere,
597 448 697 490 quod
713 447 871 480 habeam
890 446 1071 489 Spiritum
1089 447 1270 479 sanctum.

213 503 419 536 Wordenas
435 503 496 544 (1).
522 503 607 536 Non
632 503 732 536 enim
757 503 879 535 credis
906 516 921 529 u
940 502 1163 534 charitatem
1188 501 1257 534 Dei
1275 500 1447 532 diffusam
1465 508 1548 532 esse
1565 499 1603 531 in
1621 498 1797 531 cordibus

164 559 315 597 nostris,
342 567 411 600 per
435 557 616 600 Spiritum
641 559 824 596 sanctum,
844 558 906 599 qui
925 557 1032 589 datus
1050 558 1106 589 est
1125 557 1242 589 nobis.
1261 571 1276 584 n
1302 554 1552 589 Incredulitas
1577 554 1649 587 ista
1672 555 1798 587 vestra

164 614 391 651 diffidentes,
407 614 543 656 impios
562 615 600 647 et
618 614 780 655 Spiritus
798 613 916 646 sancti
935 613 1110 653 expertes
1126 612 1229 644 fucit.

205 667 464 702 Enchusanus.
495 668 586 701 Cum
611 667 771 701 ecclesia
795 668 865 700 Dei
890 667 957 699 tibi
983 667 1032 698 sit
1055 667 1306 704 sacrosancta,
1326 674 1393 697 cur
1418 674 1491 697 non
1517 665 1597 697 cius
1622 664 1799 696 mandata

163 725 231 758 tibi
249 733 397 766 quoque
414 725 501 757 sunt
517 726 756 757 sacrosancta
764 724 776 755 ’ἲ

213 779 431 813 Wordenas.
461 779 634 813 Ecclesia
660 779 727 812 illa
762 779 844 815 Dei,
876 778 982 810 cuius
1015 777 1185 810 Christus
1217 777 1275 809 est
1302 776 1425 818 caput,
1457 784 1531 807 non
1559 775 1635 808 fert
1661 773 1798 806 multas

162 835 281 878 leges,
307 836 349 868 ut
372 834 569 878 legislator
593 835 658 868 ille
675 836 801 867 vester
818 834 1011 867 Romanus
1031 833 1209 865 Pontifex
1229 842 1235 864 :
1256 841 1329 864 non
1349 830 1592 864 excarnificat
1609 830 1799 862 conscien-

163 890 247 929 tias,
266 900 341 923 non
359 892 473 933 auget
490 891 763 928 damnationes,
783 891 824 922 ut
841 899 905 921 vos
922 889 1058 921 facitis.

207 944 463 979 Enchusanus.
485 945 605 984 Quid?
622 955 669 978 an
694 946 725 978 is
750 954 899 986 quoque
924 944 1176 981 consecraret,
1203 943 1267 984 qui
1290 943 1329 975 in
1355 942 1454 975 nuda
1478 950 1607 974 mensa
1631 942 1669 973 et
1692 939 1796 972 nullo

163 1010 248 1034 cum
264 1001 403 1034 amictu
420 1010 527 1034 sacro
545 1002 583 1035 et
600 1001 681 1034 sine
699 1001 820 1034 cereis
837 1009 943 1033 sacra
960 1000 1104 1032 faceret
1119 999 1272 1041 praeter
1289 998 1502 1030 institutum
1520 996 1728 1030 ecclesiae?

213 1057 428 1090 Wordenas.
445 1056 583 1095 Quidni
597 1056 709 1089 liceat
726 1057 771 1089 ad
789 1055 1004 1097 exemplum
1021 1054 1162 1087 Christi
1179 1063 1336 1087 coenam
1353 1053 1579 1086 dominicam
1596 1052 1797 1084 instituere

163 1121 275 1154 quam
292 1111 585 1154 simplicissime,
605 1112 686 1145 sine
704 1111 928 1152 ceremonijs
947 1111 986 1143 et
1002 1110 1135 1147 cereis,
1154 1110 1235 1143 sine
1252 1108 1431 1152 panoplia
1447 1106 1696 1141 sacerdotali?

205 1169 418 1200 Montanus.
435 1167 492 1200 Tu
509 1168 621 1200 homo
640 1167 807 1200 deterior
825 1175 864 1199 es
881 1167 963 1208 ipso
981 1164 1249 1198 haeresiarcha
1265 1164 1445 1198 Luthero.

205 1222 480 1259 Rosemundus.
506 1223 592 1256 Non
617 1224 674 1256 est
698 1223 806 1256 nobis
832 1232 917 1265 spes
941 1221 1031 1261 ulla,
1056 1223 1139 1255 fore
1165 1222 1206 1254 ut
1231 1221 1277 1254 de
1301 1221 1377 1253 tam
1403 1220 1496 1252 duro
1521 1219 1645 1261 capite
1670 1217 1799 1251 trium—

161 1279 334 1322 phemus.

205 1333 464 1370 Enchusanus.
485 1334 581 1372 Quid
599 1335 716 1367 sentis
734 1335 779 1367 de
796 1334 1031 1367 sacramento
1049 1333 1242 1366 extremae
1258 1331 1471 1365 unctionis?

211 1390 430 1424 Wordenas.
451 1390 541 1428 Quis
559 1390 679 1423 nescit
695 1390 811 1422 ritum
829 1399 911 1422 esse
928 1389 1132 1422 ecclesiae?
1149 1387 1196 1430 (2)

204 1447 419 1479 Montanus.
447 1445 546 1479 Satis
574 1455 713 1487 operae
741 1454 784 1478 ac
811 1445 953 1478 laboris
977 1445 1015 1477 in
1044 1443 1116 1476 hoc
1144 1443 1337 1476 haeret-ico
1365 1441 1518 1475 homine
1542 1441 1797 1474 convertendo

160 1500 440 1539 collocavimus,
475 1509 688 1542 quanquam
719 1501 869 1533 frustra.
905 1500 1029 1538 Quare
1065 1509 1141 1532 non
1177 1500 1236 1532 est
1269 1497 1483 1535 consilium,
1521 1496 1670 1538 quando
1703 1496 1798 1529 nihil

159 1556 320 1600 agimus,
340 1558 381 1589 ut
398 1556 558 1598 amplius
576 1566 661 1589 cum
678 1555 744 1589 illo
763 1555 1038 1597 colloquamur.

204 1610 464 1646 Enchusanus.
480 1612 528 1644 Et
544 1621 616 1655 ego
634 1620 783 1653 quoque
796 1612 906 1644 video
925 1611 970 1644 de
988 1611 1068 1643 eius
1086 1610 1208 1643 salute
1224 1609 1336 1652 plane
1354 1618 1437 1642 esse
1455 1608 1709 1650 desperatum.

203 1668 417 1700 Montanus.
437 1667 594 1709 Ignibus
613 1668 650 1700 et
667 1666 782 1709 lignis
807 1666 1005 1699 adversum
1022 1669 1058 1698 te
1074 1664 1233 1707 posthac
1248 1665 1515 1707 procedemus3
1535 1665 1646 1705 atque
1664 1663 1800 1696 audin?

211 1721 430 1756 Wordenas.
464 1722 625 1764 Implete
660 1731 878 1755 mensuram
912 1722 1063 1763 patrum
1094 1721 1310 1754 vestrorum
1343 1720 1382 1753 in
1421 1730 1494 1754 me.
1528 1720 1691 1754 Mortem
1724 1729 1799 1752 non

162 1779 346 1821 deprecor
366 1786 374 1810 ε
392 1787 488 1819 quae
506 1779 548 1810 ut
563 1777 657 1810 mihi
674 1777 793 1816 lucro,
813 1777 867 1810 ita
882 1777 987 1809 vobis
1004 1777 1188 1818 perpetuo
1207 1775 1329 1808 dolori
1345 1776 1473 1809 fuerit.

204 1832 462 1867 Enchusanus.
493 1833 715 1874 Quanquam
743 1842 842 1865 nunc
871 1832 1030 1869 abimus,
1057 1832 1208 1864 domine
1235 1831 1417 1869 JoanneS‚
1445 1831 1554 1864 datur
1578 1832 1703 1864 tamen
1729 1831 1797 1864 tibi

159 1889 282 1923 adhuc
307 1889 543 1922 deliberandi
567 1898 610 1921 ac
635 1888 839 1921 revocandi
857 1888 1048 1929 spacium:
1069 1896 1191 1928 neque
1216 1887 1317 1920 enim
1343 1896 1574 1928 exequemur
1599 1887 1797 1921 adversum

158 1946 196 1979 te
212 1944 329 1978 ullam
347 1945 588 1981 sententiam,
606 1945 828 1986 priusquam
845 1943 883 1975 in
902 1952 1054 1976 carcere
1072 1943 1108 1975 te
1127 1942 1248 1975 adhuc
1265 1941 1382 1976 semel
1400 1942 1580 1975 invisero.

207 1999 428 2034 Wordenas.
450 2000 603 2032 Domini
619 1999 793 2033 voluntas
810 1999 888 2032 fiat.

199 2057 414 2089 Montanus.
434 2056 639 2089 Abeamus.

199 2111 472 2146 Rosemundus.
493 2111 654 2144 Domine
670 2110 852 2149 Joannes,
872 2110 941 2143 ede
958 2110 997 2143 et
1013 2110 1113 2147 bibe,
1132 2110 1170 2142 et
1187 2118 1234 2142 ne
1251 2109 1422 2143 adfiictes
1439 2110 1489 2143 te.

206 2166 426 2201 Wordenas.
452 2167 589 2200 Animo
614 2175 698 2200 meo
725 2176 799 2198 non
824 2165 922 2199 male
947 2166 1023 2207 est3
1050 2166 1120 2199 edo
1146 2166 1184 2198 et
1208 2165 1311 2203 bibo,
1330 2166 1372 2198 ut
1393 2174 1462 2207 pro
1480 2165 1696 2200 valetudine
1712 2175 1798 2199 mea

156 2230 348 2263 nunquam
368 2221 515 2254 melius.

203 2276 473 2311 Rosemundus.
493 2277 647 2310 Utinam
665 2276 777 2309 aliter
795 2276 950 2309 affectus
968 2276 1036 2308 sis!

200 2331 408 2366 Brunthus.
429 2332 648 2366 Reducatur
665 2332 704 2364 in
722 2341 831 2364 suum
848 2340 1053 2364 carcerem.

733 2420 845 2454 Tertii
868 2429 1088 2463 conyressus
1112 2418 1210 2463 finis.

538 2553 599 2588 Ad
618 2555 728 2599 pium
754 2553 924 2588 lectorem
952 2552 1169 2587 Gulielmus
1195 2551 1405 2597 Gnapheus.

201 2641 408 2684 Postquam
435 2643 529 2676 haec
557 2643 683 2676 omnia
712 2643 768 2685 (ut
795 2641 974 2686 diximus)
1001 2644 1084 2676 acta
1107 2643 1145 2675 et
1169 2642 1360 2684 disputata
1384 2643 1471 2676 sunt
1495 2643 1650 2681 affatim,
1676 2643 1795 2676 amice

155 2699 288 2738 lector,
323 2699 449 2732 evenit
477 2700 519 2732 ut
550 2700 588 2732 et
617 2698 787 2732 fratralis
819 2698 885 2732 ille
918 2698 1096 2731 Ruardus
1125 2697 1374 2731 Enchusanus
1402 2698 1490 2732 fidei
1518 2707 1609 2732 suae
1635 2707 1793 2737 memor,

154 2755 315 2798 martyri
332 2755 462 2788 nostro
488 2764 564 2787 non
588 2755 642 2787 ita
665 2763 786 2796 nuper
804 2758 994 2796 receptae,
1014 2753 1203 2795 captivum
1228 2753 1266 2786 in
1283 2753 1442 2787 vinculis
1459 2755 1498 2787 et
1513 2763 1666 2788 carcere
1682 2763 1794 2788 caeco

154 2811 379 2844 haerentem
395 2810 591 2848 inviseret,
609 2810 764 2852 pietatis
789 2808 935 2842 scilicet
959 2809 1125 2842 officium
1143 2808 1247 2842 vultu
1272 2810 1507 2851 praeferens,
1526 2810 1567 2842 ut
1591 2810 1637 2843 ad
1653 2809 1796 2852 palino-

199 2934 247 2975 (1)
271 2932 317 2967 In
340 2934 514 2976 maryine
538 2942 545 2964 :
564 2932 622 2964 Ad
638 2932 843 2970 Romanos,
862 2930 893 2962 5.

198 2987 246 3030 (2)
337 2986 442 3023 [dem
535 2997 542 3021 :
561 2987 672 3023 Ritus
691 2985 875 3023 ecclesiae
892 2986 1062 3024 ext-rema
1079 2986 1218 3026 unctio.
