2096 3481
836 156 974 190 ANNO
1002 156 1085 190 1525
1719 162 1781 195 407

185 266 325 300 Addita
351 266 409 300 est
438 265 562 300 Oratio
590 265 827 310 apoloyetica,
852 276 924 310 pro
953 268 1096 311 captivo
1128 267 1350 302 Wordenate
1376 278 1384 301 :
1418 270 1463 302 ‹lc
1490 270 1632 303 indicto
1660 281 1781 304 sacer-

143 321 293 354 dotibus
311 320 512 354 coelibatu.
533 320 676 354 Eodem
694 321 880 354 Gulielmo
900 321 1080 363 Gnapheo
1099 322 1283 365 Hagiensi
1300 324 1474 357 authore.

185 376 379 410 Psalmum
403 375 500 409 lxiii.
528 376 772 409 Exacuerunt
797 378 837 409 ut
861 376 1029 419 gladium
1054 377 1204 421 linguas
1229 388 1343 411 suas:
1371 379 1615 414 intenderunt
1639 391 1779 422 arcum,

140 441 222 465 rem
246 440 425 469 amaram,
450 432 492 465 ut
516 432 700 475 sagittent
722 432 761 464 in
787 432 946 466 occultis
972 432 1268 467 immaculatum.

773 508 882 541 Anno
906 508 1143 543 M-D.XLVI.

265 618 472 652 Gulielmus
496 617 721 663 Gnaphaeus
745 618 949 662 Hayz‘ensis
969 620 1119 664 pietatis
1142 620 1304 655 studioso
1330 620 1459 656 lectori
1482 622 1653 657 salutem.

183 708 289 741 Inter
313 717 390 745 eos,
411 708 474 749 qui
500 708 565 740 aut
589 707 859 741 excellentium
885 708 1112 750 populorum
1130 718 1191 742 res
1216 711 1343 751 gestas
1369 711 1433 743 aut
1458 711 1666 752 insignium
1683 711 1780 743 viro-

137 773 222 797 rum
250 763 467 806 pracclaras
491 763 651 795 virtutes
682 762 857 796 fidelibus
886 763 1143 805 hystoriarum
1172 766 1426 798 monumentis
1457 766 1708 805 tradiderunt,
1740 767 1779 799 hi

136 819 231 852 mihi
263 819 415 860 quidem
448 819 625 851 videntur
654 828 728 851 non
762 818 858 851 male
893 819 938 851 de
968 818 1166 861 republica
1197 820 1405 853 christiana
1435 821 1576 858 meriti,
1611 822 1779 855 studiose

137 875 270 911 lector,
290 874 354 915 qui
372 875 583 916 martyrum
609 873 750 907 Christi
776 873 962 916 supplicia
986 875 1085 907 bona
1102 875 1174 908 fide
1193 876 1398 908 memoriae
1416 877 1633 918 prodidere,
1653 886 1779 918 quam-

135 930 191 963 vis
221 938 365 967 eorum,
396 930 460 970 qui
488 929 559 962 1100
588 929 753 963 fideliter
781 930 1021 971 praestitere,
1049 930 1119 963 1100
1150 932 1279 963 nostro
1309 931 1460 964 saeculo
1489 932 1586 964 mira
1609 933 1778 974 paucitas

136 985 331 1018 habeatur.
353 985 448 1018 Nam
465 986 731 1026 praeterquam
752 985 852 1026 quod
870 984 1034 1027 diligens
1052 985 1311 1027 hystoriarum
1328 986 1441 1020 lectio
1460 987 1639 1020 iudicium
1665 988 1777 1026 acuit,

135 1040 332 1083 ingenium
371 1039 524 1078 excolit,
558 1041 766 1074 memoriae
798 1041 873 1073 vim
906 1041 1047 1073 excitat
1079 1042 1117 1074 et
1147 1042 1385 1083 prudentiam
1425 1043 1610 1084 imprimis
1650 1044 1776 1086 auget,

135 1096 308 1128 divorum
336 1096 439 1128 certe
472 1095 646 1137 exempla
670 1097 714 1129 et
741 1096 904 1139 insignis
936 1098 1147 1138 martyrum
1181 1097 1322 1130 Christi
1354 1098 1513 1130 victoria
1552 1108 1626 1130 non
1666 1099 1776 1131 modo

136 1151 300 1184 divinam
317 1160 409 1193 erga
426 1160 494 1183 nos
511 1152 786 1194 benignitatem
817 1153 854 1184 ct
879 1152 967 1184 fidei
992 1151 1221 1185 christianae
1239 1153 1417 1186 virtutem
1443 1153 1551 1186 nobis
1576 1154 1621 1186 ob
1648 1153 1776 1186 oculos

134 1207 253 1248 ponit,
279 1215 410 1240 verum
435 1207 549 1239 etiam
575 1208 621 1240 ad
647 1216 814 1240 amorem
839 1208 909 1240 Dei
935 1209 972 1240 et
996 1208 1294 1240 constantiorem
1327 1209 1414 1241 fidei
1449 1210 1601 1242 nostrae
1633 1210 1777 1251 profes-

136 1262 295 1301 sionem,
327 1271 396 1295 ceu
425 1262 636 1296 calcaribus
668 1263 905 1304 quibusdam,
931 1263 1177 1296 vehementer
1203 1273 1271 1296 nos
1297 1264 1497 1297 extimulat
1521 1266 1558 1298 et
1589 1265 1628 1297 in
1661 1265 1777 1298 divini

135 1318 298 1350 nominis
317 1317 448 1351 laudes
466 1319 611 1351 resides
630 1319 775 1351 animos
793 1328 996 1361 assurgere
1014 1320 1129 1361 cogit.

177 1374 281 1407 Haec
298 1383 343 1407 ea
360 1383 473 1406 causa
485 1375 569 1411 fuit,
585 1384 652 1406 cur
670 1374 803 1416 optimi
818 1375 941 1407 viriet
958 1375 1255 1407 constantissimi
1267 1376 1447 1418 martyris
1461 1376 1601 1409 Christi
1617 1376 1777 1410 Joannis

133 1429 291 1462 Pistorii
314 1429 431 1461 vitam
455 1435 493 1462 et
518 1429 674 1466 obitum,
706 1438 865 1461 unacum
896 1430 1216 1471 disputationibus
1245 1440 1329 1462 cum
1358 1431 1539 1472 sophistis
1568 1431 1776 1464 Lovanien-

132 1484 234 1516 sibus
263 1484 308 1516 ab
338 1484 420 1526 ipso
449 1484 487 1516 in
513 1493 666 1517 carcere
695 1484 849 1525 habitis,
875 1485 1117 1518 conscribere
1143 1486 1214 1517 sim
1239 1494 1430 1528 agressus.
1458 1486 1550 1518 Cum
1575 1487 1675 1519 enim
1700 1488 1777 1520 tam

132 1541 290 1573 arduum
315 1541 376 1579 sit,
403 1540 516 1573 hodie
541 1550 668 1573 coram
697 1540 839 1573 saeculi
865 1541 986 1573 nostri
1011 1541 1146 1573 scribis
1172 1542 1209 1574 et
1233 1541 1446 1583 pharisaeis
1471 1551 1608 1574 nomen
1634 1541 1775 1575 Christi

129 1605 224 1638 pure
242 1597 280 1629 et
296 1605 342 1628 ex
361 1596 484 1628 animo
503 1596 688 1637 profiteri,
706 1605 817 1636 quam
835 1594 926 1627 olim
943 1595 1061 1628 fuerit
1085 1596 1153 1628 sub
1172 1596 1362 1628 nascentis
1379 1595 1563 1629 ecclcsiae
1581 1597 1773 1641 auspiciis,

130 1659 275 1684 summo
304 1659 372 1683 nos
401 1650 553 1691 quidem
580 1651 720 1692 probro
751 1650 856 1691 digni
885 1651 1014 1689 simus,
1042 1651 1075 1683 si
1100 1660 1175 1683 non
1200 1652 1329 1684 vetere
1365 1650 1553 1693 exemplo,
1578 1651 1776 1694 religionis

130 1707 282 1739 nostrae
313 1706 466 1738 fortiter
498 1706 665 1739 assertae
699 1705 874 1748 exempla
904 1706 1122 1747 posteritati
1152 1706 1466 1748 transmittamus.
1492 1706 1574 1739 Nisi
1600 1716 1673 1739 non
1698 1708 1775 1740 tam

129 1761 375 1795 memorabile
401 1763 458 1794 est
482 1771 619 1794 nomen
645 1770 791 1798 eorum,
819 1761 882 1802 qui
906 1761 1116 1804 Evangelio
1143 1761 1296 1800 Christi,
1323 1761 1381 1795 vel
1408 1762 1593 1804 sanguine
1617 1763 1773 1804 profuso

131 1817 381 1856 defendendo,
402 1826 514 1858 quam
539 1817 602 1857 qui
629 1816 718 1849 olim
743 1817 930 1858 pariundo
956 1817 1177 1850 incubuere.
1203 1817 1297 1854 Imo,
1324 1818 1356 1849 si
1380 1826 1461 1850 rem
1486 1818 1606 1859 ipsam
1631 1819 1773 1851 attente

130 1872 377 1911 excutiamus,
405 1872 477 1905 hoc
505 1881 596 1905 sane
624 1872 724 1905 inter
749 1872 947 1913 utriusque
973 1872 1108 1905 aetatis
1138 1875 1326 1914 martyres
1354 1873 1539 1905 interesse
1568 1873 1770 1912 videbitur,

131 1928 230 1969 quod
247 1927 323 1960 illis
341 1928 493 1968 quidem
511 1928 661 1970 tyranni
678 1928 877 1960 manifeste
895 1928 1014 1972 impii,
1035 1929 1072 1960 et
1097 1929 1192 1960 citra
1217 1929 1515 1960 controversiam
1533 1928 1769 1967 idololatrae,

131 1992 262 2016 necem
291 1983 473 2023 intulere;
505 1983 564 2015 his
589 1993 678 2016 vero
704 1983 901 2016 domestici
928 1983 1079 2024 quidam
1105 1983 1234 2016 hostes
1258 1983 1449 2024 iidemque
1478 1984 1658 2016 mentitae
1685 1984 1772 2017 reli-

130 2039 255 2081 gionis
288 2039 414 2080 specie
451 2039 541 2071 tecti
573 2039 787 2081 insurgant,
822 2048 981 2080 quorum
1014 2038 1136 2071 larvas
1169 2040 1207 2071 et
1241 2048 1436 2080 personas,
1476 2039 1612 2072 deinde
1645 2041 1682 2072 et
1712 2040 1770 2072 ius

129 2095 416 2127 consuetudinis
440 2094 619 2127 firmitate
644 2095 817 2136 petitum.
838 2095 937 2135 quod
962 2095 1115 2132 iactant,
1136 2096 1297 2135 quantus
1324 2094 1431 2126 labor
1448 2095 1508 2130 sit,
1529 2094 1585 2127 vel
1608 2096 1771 2128 contem-

130 2150 253 2182 nendo
271 2150 405 2182 vicisse
423 2149 481 2182 vel
500 2150 718 2182 antinomiis
742 2152 941 2185 refutasse,
963 2150 1032 2182 hoc
1050 2150 1290 2191 potissimum
1308 2151 1438 2182 nostro
1464 2149 1592 2182 seculo
1617 2152 1768 2189 norunt,

129 2206 193 2246 qui
218 2205 289 2238 hoc
313 2205 524 2247 perieulum
549 2206 689 2238 fecere.
710 2205 932 2238 Periculosa
951 2205 1128 2237 nimirum
1148 2215 1189 2237 ae
1208 2206 1320 2237 dubia
1338 2206 1387 2237 sit
1404 2214 1532 2247 pugna
1550 2207 1712 2246 oportet,
1731 2207 1769 2238 in

129 2270 203 2302 qua
233 2270 307 2293 11110
341 2261 549 2301 eodemque
585 2261 694 2303 signo
730 2262 943 2302 praetento,
977 2261 1014 2293 in
1052 2270 1127 2293 una
1163 2269 1355 2292 armorum
1387 2261 1495 2299 facie,
1530 2262 1571 2293 ut
1602 2264 1768 2302 apparet,

129 2317 346 2349 decernitur
366 2326 372 2348 :
393 2317 576 2357 adeoque,
596 2317 660 2348 ubi
681 2317 853 2349 Christus
872 2316 1035 2354 Christo,
1054 2316 1204 2348 veritati
1224 2316 1363 2348 veritas
1382 2316 1419 2348 in
1438 2316 1602 2357 speciem
1627 2316 1768 2349 bellum

127 2372 273 2409 indicit,
300 2372 384 2413 quis
413 2373 489 2404 tam
517 2373 692 2413 ancipitis
717 2382 867 2414 pugnae
893 2371 1136 2413 magnifieum
1160 2371 1356 2407 victorem,
1384 2377 1604 2413 emergente
1629 2372 1768 2405 iterum

127 2426 357 2469 Evangelio-a
388 2428 561 2465 veritate,
595 2427 769 2460 laudibus
809 2437 882 2459 11011
923 2427 1069 2463 evehat,
1112 2437 1185 2458 non
1223 2428 1407 2463 recantet,
1448 2436 1522 2458 non
1563 2427 1768 2460 immortali

126 2483 286 2515 nominis
319 2482 444 2525 gloria
475 2483 609 2516 donet?
637 2484 706 2521 Ne,
740 2483 772 2515 si
803 2484 1005 2520 taceamus,
1034 2482 1229 2514 videamur
1257 2482 1389 2514 virtuti
1418 2491 1527 2514 suum
1556 2483 1767 2516 encomiom

126 2538 308 2577 invidere,
328 2548 413 2571 cum
431 2539 587 2581 dignum
605 2539 716 2571 laude
734 2539 855 2571 virum
876 2538 983 2571 Musa
999 2539 1101 2570 vetet
1119 2538 1227 2569 111011.

170 2593 273 2626 Haec
297 2604 382 2626 cum
398 2594 451 2626 ita
467 2603 507 2627 se
532 2594 708 2632 habeant,
727 2594 821 2627 nihil
846 2594 951 2636 prius
980 2593 1073 2625 mihi
1098 2593 1313 2625 faciendum
1340 2593 1442 2630 duxi,
1465 2593 1586 2626 lector
1611 2595 1765 2635 optime,

126 2658 238 2689 quam
255 2650 296 2681 ut
309 2658 404 2690 quae
421 2650 516 2682 mihi
529 2649 590 2683 1110
605 2650 662 2683 vel
681 2650 982 2691 compertissima
995 2650 1122 2681 essent
1135 2648 1331 2681 oculorum
1346 2658 1515 2680 meorum
1533 2649 1764 2687 testimonio,

125 2704 183 2737 vel
209 2704 430 2738 fidelissima
453 2706 572 2747 ipsius
596 2705 775 2748 martyris
800 2705 1009 2746 concaptivi
1035 2704 1109 2737 mei
1139 2704 1356 2736 narratione
1386 2704 1615 2743 didicissem,
1643 2704 1765 2738 literis

124 2760 348 2801 proderem3
368 2770 440 2802 quo
458 2761 512 2801 fit,
532 2763 574 2794 ut
591 2761 685 2794 nihil
705 2762 828 2793 minus
847 2770 957 2802 quam
976 2760 1088 2793 tidem
1114 2760 1151 2792 in
1170 2759 1228 2791 his
1246 2759 1606 2792 lucubratriunculis
1624 2760 1765 2793 nostris

123 2815 259 2848 merito
285 2815 501 2857 desyderes.
522 2817 643 2850 Porro
661 2817 860 2849 historiam
884 2815 981 2848 hanc
1004 2816 1043 2848 in
1068 2816 1230 2857 quatuor
1247 2823 1377 2847 secare
1394 2817 1523 2856 partes
1540 2815 1660 2848 visum
1677 2816 1763 2856 suit,

125 2879 284 2913 quarum
311 2871 434 2913 prima
460 2873 639 2916 martyris
669 2872 789 2906 nostri
818 2871 1112 2913 descriptionem
1141 2871 1298 2913 cjiisque
1328 2869 1621 2904 adolescentiam
1647 2871 1762 2906 dabit.
