2096 3481
311 259 374 292 ⁴295
999 259 1135 293 ANNO
1162 260 1245 293 1524

352 367 399 400 Et
432 376 501 408 ego
533 366 768 405 FranciscuS‚
797 366 896 399 filius
923 366 1144 407 Garbrandi,
1171 368 1330 402 clericus
1355 370 1607 405 Traieetensis
1632 374 1802 415 diocesis,
1829 386 1935 411 saera

311 420 495 462 imperiali
526 422 748 454 auctoritate
778 422 948 454 notarius
976 422 1136 463 juratus,
1166 425 1252 464 quia
1282 426 1474 466 premissis
1503 429 1674 461 omnibus
1699 431 1736 462 et
1760 431 1932 474 singulis,

311 477 394 507 dum
422 476 484 513 sic,
513 478 551 507 ut
577 477 820 517 premittitur.
842 477 975 509 fierent
1001 479 1038 510 et
1061 480 1275 520 agerentur.
1297 490 1371 512 una
1387 489 1470 513 cuni
1488 484 1758 522 prenominatis
1776 487 1933 520 testibus

310 539 464 571 presens
482 531 636 563 interfui
662 540 778 571 eaque
807 531 859 563 sie
888 532 970 563 fieri
996 532 1071 564 vidi
1097 534 1133 565 et
1159 534 1294 568 audivi.
1315 534 1454 567 idcireo
1479 536 1548 568 hoc
1573 547 1728 578 presens
1744 540 1934 581 publicum

311 585 612 623 instrumentum,
639 595 750 617 manu
776 595 858 618 mea
882 587 1035 627 propria
1059 588 1250 629 seriptum.
1280 589 1414 623 exinde
1432 592 1576 624 confeci
1594 594 1631 625 et
1647 593 1684 626 in
1702 593 1797 627 hanc
1814 596 1933 637 publi-

311 648 391 670 cani
409 640 566 672 formam
595 640 726 682 redegi
754 641 937 682 signoque
962 642 999 673 et
1024 643 1173 675 nomine
1197 644 1290 676 meis
1315 644 1435 677 solitis
1460 648 1497 678 et
1520 648 1710 681 consuetis
1731 649 1935 693 subscripsi

311 695 347 726 et
376 693 605 736 subsignavi,
635 695 672 727 in
702 696 825 733 fidem,
852 696 967 728 robur
995 697 1032 729 et
1056 698 1311 731 testimonium
1337 700 1502 733 omnium
1527 702 1564 734 et
1588 702 1822 745 singulorum
1850 714 1932 748 pre-

310 748 523 787 missorum,
543 751 699 792 rogatus
718 751 755 783 et.
771 751 988 791 requisitus.

1382 809 1603 844 Franciscus
1623 812 1844 848 Garbrandi.

660 880 915 915 Stadsarchief
932 884 967 915 te
986 883 1099 922 Delst,
1119 884 1219 917 Lade
1238 884 1297 926 143
1324 886 1593 929 medegedeeld
1617 889 1709 922 door
1724 889 1759 923 J.
1780 890 1935 925 Souten-

703 936 786 969 dam
804 937 842 969 ln
861 937 925 970 het
943 937 1240 973 Kerkhislorisch
1256 938 1420 985 Archief,
1441 941 1522 975 deel
1540 942 1607 982 ΙΙΙ,
1627 943 1695 976 blz.
1716 944 1875 980 116-119.

1067 1098 1181 1143 241.

381 1248 521 1294 1524,
550 1243 803 1287 December
828 1250 872 1294 2,
909 1245 1108 1287 Utreelzt.
1153 1241 1455 1286 Raadsbesluit
1478 1242 1655 1300 waarbij
1680 1244 1841 1302 Feltijn
1865 1246 1933 1289 die

310 1314 575 1370 Goltslager,
618 1315 853 1370 speelman,
881 1316 1159 1358 veroordeeld
1193 1316 1334 1359 werdt
1357 1330 1425 1358 om
1457 1319 1571 1359 twee
1604 1331 1710 1360 uren
1734 1332 1817 1361 aan
1850 1317 1932 1362 den

310 1384 407 1439 paal
431 1384 597 1439 gesteld
622 1398 674 1426 en
698 1384 870 1440 eeuwig
894 1384 958 1428 uit
981 1383 1033 1427 de
1056 1384 1151 1427 stad
1175 1384 1403 1440 gebannen
1427 1387 1470 1428 te
1483 1385 1677 1438 worden,
1705 1387 1852 1430 omdat
1868 1386 1929 1443 hij

311 1466 416 1495 eene
440 1465 524 1494 non
563 1452 626 1495 uit
658 1453 766 1496 haar
797 1453 991 1496 klooster
1019 1453 1166 1510 gelokt
1208 1453 1342 1505 heeft,
1381 1454 1489 1497 haar
1533 1453 1768 1498 belovende
1806 1469 1855 1499 ze
1891 1460 1936 1500 te

309 1520 486 1571 huwen,
515 1535 568 1564 en
587 1522 750 1565 daarna
772 1522 881 1565 haar
899 1522 1133 1566 verkracht
1150 1521 1286 1566 heeft.

724 1634 795 1669 Des
827 1635 1017 1679 qu‘jdayes
1041 1645 1090 1669 na
1115 1635 1208 1669 Sunt
1231 1635 1391 1669 Andries
1415 1635 1521 1669 dach.

354 1720 470 1753 VVant
486 1721 623 1763 Feltijn
652 1722 712 1754 die
741 1721 966 1764 Goltslager‚
995 1722 1198 1763 speelman,
1219 1731 1287 1754 een
1317 1722 1575 1764 geprofesside
1600 1731 1725 1756 nonne
1741 1723 1797 1755 oft
1814 1723 1937 1756 zuster

310 1776 377 1808 mit
394 1777 548 1808 scriften
567 1776 661 1809 ende
679 1777 814 1809 anders
832 1777 923 1809 haer
940 1787 1017 1818 wys
1041 1777 1237 1814 makende‚
1258 1777 1320 1809 dat
1337 1777 1386 1819 hy
1405 1786 1445 1810 se
1464 1778 1499 1810 te
1526 1777 1634 1810 echte
1652 1786 1788 1811 nemen
1806 1779 1934 1818 soude,

309 1830 445 1863 twelek
462 1830 635 1873 ketterye
653 1832 696 1869 is,
729 1834 795 1864 uut
823 1832 914 1865 haer
937 1832 1101 1864 clooster
1124 1831 1270 1874 verleyt
1297 1832 1392 1865 ende
1409 1832 1617 1874 gevioleert
1645 1832 1749 1865 heeft
1775 1842 1824 1865 na
1847 1842 1936 1876 zyns

309 1885 398 1918 selfs
420 1885 635 1928 belydinge,
662 1896 725 1919 soe
751 1886 870 1919 sleten
899 1896 1069 1929 seepene,
1095 1887 1200 1919 raide
1219 1887 1313 1919 ende
1333 1888 1599 1926 oudermanne,
1630 1888 1693 1919 dat
1708 1886 1759 1929 hij
1778 1897 1935 1931 mergen

310 1943 404 1973 twee
428 1950 521 1973 uren
545 1940 654 1973 Ianek
681 1943 781 1983 optie
798 1942 895 1974 kaek
918 1944 1022 1975 staen
1046 1941 1099 1975 sel
1123 1942 1190 1974 mit
1207 1951 1275 1974 een
1294 1941 1503 1984 tytelbriefs
1517 1951 1605 1975 voer
1622 1951 1690 1984 zyn
1714 1942 1822 1975 hooft
1838 1944 1933 1976 ende

308 1997 415 2028 voert
432 1997 542 2029 uuter
559 1998 632 2029 stat
649 1998 743 2030 ende
769 1997 1005 2039 statvryheyt
1031 2006 1156 2030 wesen
1185 1996 1236 2029 se]
1267 1996 1424 2030 eweliek
1449 2007 1495 2038 op
1522 1997 1593 2038 zijn
1622 1997 1692 2039 lyff
1712 1997 1807 2031 ende
1836 1998 1932 2031 doen

309 2049 543 2084 behoiriieke
561 2051 742 2084 oireunde
760 2052 797 2084 in
814 2052 979 2085 brieven.

655 2137 912 2179 Rijksarehief
929 2139 964 2171 te
985 2138 1151 2177 Utrecht‚
1175 2137 1473 2182 Raedsdayboek‚
1492 2137 1557 2171 fol.
1578 2137 1639 2170 115
1656 2147 1766 2171 verso

1064 2295 1164 2339 242
1173 2328 1182 2337 .

381 2447 517 2493 1524,
564 2441 816 2484 December
845 2447 917 2492 12,
946 2443 1106 2485 Bazel.
1156 2439 1394 2482 Uittreksel
1439 2439 1500 2483 uit
1534 2453 1670 2483 eenen
1704 2438 1822 2483 brief
1846 2453 1929 2483 van

307 2514 511 2556 Erasmus
528 2526 610 2556 aan
628 2514 653 2557 J
657 2513 758 2564 oris,
782 2514 938 2568 hertog
956 2527 1039 2555 van
1054 2512 1233 2564 Saksen,
1255 2527 1358 2556 over
1375 2513 1426 2555 de
1446 2516 1586 2557 eerste
1604 2512 1857 2569 beginselen
1875 2527 1930 2556 en

307 2582 358 2624 de
382 2581 658 2637 verbreiding
681 2596 764 2624 van
787 2582 983 2625 Luther’s
1006 2581 1180 2639 ketterij
1207 2582 1311 2625 door
1334 2582 1384 2625 de
1407 2582 1558 2624 schuld
1583 2581 1658 2624 der
1679 2582 1928 2639 geestelijk-

308 2651 422 2702 heid,
445 2651 525 2694 ook
544 2652 587 2694 in
611 2652 662 2694 de
684 2651 1006 2705 Nederlanden‚
1036 2667 1087 2696 en
1113 2666 1216 2695 over
1233 2652 1308 2695 het
1332 2652 1568 2696 verkeerde
1588 2652 1664 2695 der
1685 2652 1931 2697 ketterver-

307 2720 500 2777 volging.
523 2745 578 2753 —-
600 2720 766 2764 Luther
784 2734 836 2763 en
863 2721 914 2763 de
946 2720 1103 2764 Keizer
1121 2734 1270 2764 waren
1293 2725 1410 2765 eerst
1443 2721 1535 2764 niet
1558 2719 1926 2766 onverzoenbaar.

306 2789 418 2831 Door
440 2789 515 2833 het
537 2803 696 2845 roepen
730 2803 782 2832 en
824 2790 962 2833 tieren
1001 2790 1079 2833 der
1117 2789 1350 2834 monniken
1390 2790 1507 2834 heeft
1530 2803 1626 2833 men
1662 2789 1714 2832 de
1751 2790 1927 2848 ketterij

308 2858 476 2900 veeleer
500 2857 699 2900 verbreid
731 2858 814 2901 dan
839 2857 1089 2914 beteugeld.
1115 2859 1326 2911 Kerkers,
1353 2858 1673 2915 herroepingen
1693 2872 1746 2901 en
1769 2858 1928 2902 brand-

308 2926 471 2983 stapels
513 2927 689 2970 kunnen
731 2927 859 2971 enkel
902 2927 1057 2972 dienen
1095 2930 1160 2972 tot
1202 2928 1277 2972 het
1330 2927 1531 2985 ophitsen
1585 2927 1661 2971 der
1715 2927 1917 2986 menigte,
