2096 3481
245 221 307 254 318
943 220 1081 255 ANNO
1107 221 1191 255 1525

237 330 442 363 sententias
460 338 698 370 quascunque
725 331 799 362 tam
817 331 1170 372 condempnatorias
1188 340 1298 372 quam
1316 330 1579 368 absolutorias,
1600 339 1673 363 non
1692 331 1867 364 obstante

238 387 350 418 etium
369 394 588 425 quacunque
607 386 866 426 proventione,
887 386 1131 419 advocatione
1155 386 1213 419 vel
1238 396 1348 419 cause
1366 386 1627 423 instructione,
1646 395 1717 426 que
1735 387 1867 418 contra

239 441 361 481 ipsum
393 440 656 479 inquisitorem
692 441 820 481 ejusve
860 449 1077 482 processum
1117 441 1331 474 nullatcnus
1364 441 1487 473 locum
1519 441 1659 474 habere
1692 441 1867 479 debeant,

239 494 450 526 inconsulto
480 495 593 526 etiam
618 504 683 527 seu
709 504 783 527 non
807 497 938 528 vocato
964 498 1028 528 aut
1053 506 1127 528 non
1154 497 1336 537 requisito
1364 496 1446 538 ipso
1477 496 1681 534 ordinario,
1708 505 1871 528 commu-

240 550 361 581 nicato
392 551 515 581 tamen
549 550 765 590 inquisitori
796 550 834 583 in
866 550 925 582 his
957 551 1114 583 consilio
1147 551 1291 592 aliquot
1323 551 1587 594 theologorum
1620 552 1684 583 aut
1713 551 1871 592 jurispe-

239 605 409 638 ritorum,
426 604 456 636 si
474 613 585 637 cause
603 605 769 637 arduitas
787 607 851 637 aut
868 605 1069 638 difficultas
1086 605 1156 638 hoc
1172 607 1334 647 requirit
1350 607 1387 639 et
1404 605 1635 648 expostulat3
1651 615 1725 638 non
1748 605 1869 638 solum

239 661 370 691 contra
398 658 585 692 hereticos
614 662 678 692 aut
705 661 750 693 de
779 660 913 693 herese
942 663 1135 702 suspectos
1161 661 1361 694 illorumve
1388 662 1569 699 fautores,
1598 662 1869 702 receptatores,

239 713 486 746 insectatores
504 716 568 746 aut
585 715 816 754 defensores,
836 716 901 748 sed
919 716 1032 748 etiam
1049 717 1181 749 eontra
1197 716 1520 758 blasphematores
1538 717 1576 749 et
1600 716 1872 749 detractatores

239 770 453 801 sanctorum
471 768 528 801 vel
555 769 710 802 honoris
727 769 907 809 illlorum‚
927 780 1073 804 necnon
1090 773 1223 804 contra
1239 772 1435 804 abutentes
1459 771 1634 804 libertate
1660 771 1875 804 Christiana

239 833 306 866 pro
335 823 445 857 illave
473 825 744 858 contendentes
773 827 810 858 et
837 825 982 858 nullum
1010 827 1244 868 superiorem
1269 827 1527 860 immediatum
1552 826 1675 867 quoad
1700 826 1875 868 jurisdic-

239 880 380 912 tionem
412 879 650 912 cohercivam
680 882 1011 923 recognoscentes,
1051 881 1215 915 rebelles
1255 891 1403 923 quoque
1443 883 1481 915 et
1511 881 1774 914 inobedientes
1808 890 1874 914 seu

240 935 440 966 seditiosos
479 935 640 973 ferendi,
681 929 969 977 pronunciandi,
1009 937 1237 970 decernendi
1269 939 1306 970 ct
1337 937 1555 970 declarandi
1586 946 1627 969 ac
1659 936 1875 969 executioni

241 989 377 1027 debite,
408 991 521 1022 etiam
554 990 808 1032 appellatione
838 993 996 1030 remota,
1031 992 1282 1025 demandandi
1314 994 1351 1025 et
1381 992 1634 1025 interdicendi
1666 991 1872 1030 ordinario,

239 1045 298 1076 cui
331 1045 379 1076 sit
406 1045 444 1077 in
476 1045 547 1077 hoc
579 1045 727 1079 sublata
758 1047 880 1079 omnis
912 1048 1092 1088 potestas,
1127 1056 1173 1080 ne
1206 1048 1433 1080 senteutiam
1466 1056 1727 1088 quamcunque
1759 1046 1874 1080 etiam

240 1099 509 1132 absolutoriam
538 1101 618 1133 sine
648 1101 872 1142 inquisitore
901 1102 983 1143 ipso
1012 1102 1233 1143 pronuntiet
1260 1112 1343 1135 cum
1376 1103 1527 1135 decreto
1559 1102 1727 1134 irritanti
1754 1103 1874 1134 totum

239 1155 277 1186 id
305 1156 341 1187 et
371 1155 552 1196 quidquid
584 1157 701 1189 fuerit
728 1157 765 1188 in
798 1157 1030 1189 eontrarium
1062 1157 1226 1190 scienter
1253 1157 1312 1190 vel
1340 1158 1563 1200 ignoranter
1591 1158 1873 1198 attemptatum

240 1212 277 1242 et
304 1210 536 1252 generaliter
564 1211 782 1252 inquirendi
810 1214 848 1245 et
875 1213 1105 1253 procedendi
1134 1222 1208 1245 non
1237 1212 1358 1245 solum
1386 1213 1424 1245 in
1457 1212 1672 1245 Lutherane
1705 1213 1770 1245 aut
1800 1211 1874 1245 alie

240 1265 385 1298 heresis
399 1267 569 1305 materia,
585 1267 651 1299 sed
669 1268 706 1299 et
724 1267 762 1299 in
777 1267 962 1306 omnibus,
978 1277 1049 1308 que
1067 1268 1218 1309 sapiunt
1235 1267 1412 1306 heresim,
1428 1276 1609 1306 errorem,
1628 1267 1876 1300 rebellionem

242 1323 306 1352 aut
347 1321 586 1354 manifestam
628 1322 942 1363 inobedientiam3
986 1332 1103 1364 penas
1142 1332 1291 1363 quoque
1329 1331 1398 1364 per
1440 1323 1674 1355 ordinarium
1712 1322 1874 1355 inflictas

240 1376 440 1418 mitigandi
457 1378 495 1409 et
511 1376 731 1418 alleviandi3
747 1387 789 1410 ac
807 1378 1091 1419 quibuscunque
1106 1378 1296 1419 judicibus
1314 1379 1353 1411 et
1368 1378 1554 1419 personis,
1574 1378 1688 1410 etiam
1704 1377 1876 1409 locorum

241 1431 442 1463 ordinariis
465 1441 507 1464 ac
531 1432 629 1464 sacri
653 1432 785 1474 palatii
810 1432 1007 1474 apostolici
1035 1442 1232 1465 causarum
1261 1433 1496 1465 auditoribus
1525 1433 1592 1465 sub
1621 1432 1876 1465 excommuni-

240 1486 398 1518 cationis
413 1496 455 1519 ac
472 1487 556 1519 aliis
573 1487 838 1520 ecclesiasticis
852 1488 1062 1527 sententiis,
1078 1488 1247 1520 censuris
1265 1489 1303 1521 et
1318 1489 1426 1530 penis
1443 1488 1657 1529 inhibendi3
1673 1487 1875 1520 mandandi

242 1534 390 1582 quo'quc
415 1545 452 1574 et
476 1543 711 1584 precipiendi
736 1543 803 1575 sub
829 1543 971 1576 eisdem
995 1544 1103 1585 penis
1128 1544 1166 1576 et
1189 1544 1359 1576 censuris
1384 1543 1669 1584 quibuscunque
1684 1543 1874 1585 judicibus

240 1596 499 1637 spiritualibus
517 1598 554 1630 et
571 1597 1125 1640 temporalibus,potestatibus,
1145 1599 1464 1641 burgimagistris,
1483 1599 1658 1637 scabinis,
1676 1598 1869 1640 prefectis,

240 1650 376 1683 villicis
403 1654 441 1684 et
462 1652 546 1684 aliis
561 1653 864 1694 jurisdictionem
888 1652 1182 1686 ecclesiasticam
1206 1653 1265 1686 vel
1288 1654 1515 1686 mundanam
1533 1653 1796 1687 exercentibus
1813 1653 1877 1686 aut

241 1716 315 1739 non
341 1708 619 1745 exercentibus,
646 1709 687 1740 ut
712 1709 835 1750 ipsum
860 1709 1124 1749 inquisitorem
1149 1709 1277 1750 eJusve
1301 1710 1496 1750 reputatos
1522 1708 1800 1741 commissarios
1815 1707 1875 1741 vel

240 1762 374 1794 missos
391 1763 555 1806 benigne
580 1763 829 1805 suscipientes
853 1764 982 1804 eisque
999 1764 1038 1796 in
1064 1764 1181 1796 offitio
1198 1764 1454 1805 inquisitionis
1472 1763 1689 1806 hujusmodi
1713 1764 1875 1797 efficacis

241 1817 472 1850 defensionis
503 1819 669 1859 presidio
703 1818 936 1857 assistentes,
970 1829 1044 1851 non
1075 1819 1298 1860 permittant
1329 1828 1415 1852 eum
1447 1828 1513 1852 seu
1542 1828 1606 1852 eos
1634 1829 1656 1852 a
1686 1829 1875 1861 quoquam

241 1873 406 1906 indebite
419 1873 626 1913 molestari,
642 1874 708 1906 sed
721 1876 879 1915 pareant
895 1874 968 1915 ipsi
984 1874 1202 1915 inquisitori
1217 1874 1382 1916 ipsiusve
1401 1875 1588 1916 deputatis
1605 1875 1874 1908 commissariis

239 1927 297 1960 vel
323 1928 446 1960 missis
469 1929 576 1969 Juxta
599 1929 800 1961 canonicas
817 1929 1030 1962 sanctiones
1055 1938 1099 1962 ac
1123 1930 1415 1962 consuetudines
1438 1929 1478 1962 in
1501 1929 1574 1962 hoc
1598 1930 1753 1973 negotio
1769 1939 1872 1972 pres-

239 1983 378 2024 criptas
396 1984 433 2015 et
448 1992 516 2024 pro
535 1986 705 2025 tempore
724 1985 958 2025 observatas3

282 2037 330 2070 Et
354 2039 385 2070 si
409 2039 481 2080 ipsi
506 2039 559 2071 sic
582 2039 766 2080 inquisiti,
794 2039 841 2072 ad
864 2048 929 2072 cor
952 2039 1108 2078 reversi,
1135 2048 1285 2072 errores
1310 2049 1397 2072 suos
1421 2040 1646 2082 agnoverint
1670 2041 1707 2073 et
1731 2040 1777 2073 de
1799 2040 1873 2073 illis

239 2102 281 2125 ac
300 2093 383 2125 aliis
407 2103 476 2134 per
504 2103 568 2126 eos
597 2095 806 2126 commissis
831 2095 869 2127 et
892 2095 1121 2136 perpetratis
1152 2094 1312 2134 delictis,
1337 2095 1515 2134 heresim,
1542 2104 1724 2134 errorem,
1753 2095 1876 2129 rebel-

239 2147 379 2181 lionem
407 2150 471 2181 aut
497 2150 736 2182 manifestam
763 2150 1060 2182 inobedientiam
1089 2150 1335 2191 sapientibus,
1365 2150 1513 2183 veniam
1544 2160 1628 2183 cum
1660 2150 1874 2184 humilitate

239 2204 442 2244 petierunt,
469 2205 668 2237 dummodo
693 2203 834 2246 relapsi
858 2214 932 2237 non
949 2205 1104 2244 fuerint,
1132 2205 1178 2238 ad
1202 2205 1389 2247 gremium
1414 2207 1542 2238 sancte
1565 2206 1697 2238 matris
1715 2205 1874 2239 ecclesie

241 2268 283 2291 ac
298 2260 600 2292 communionem
625 2260 766 2293 Christi
790 2259 959 2293 fidelium
983 2261 1221 2303 aggregandi
1245 2261 1282 2293 et
1305 2261 1545 2300 restituendi,
1572 2261 1610 2293 et
1632 2261 1803 2302 injuncta
1820 2261 1874 2294 eis

238 2314 346 2355 juxta
370 2324 524 2347 suorum
552 2315 822 2348 demeritorum
848 2314 1069 2356 qualitatem
1095 2315 1307 2357 penitentia
1333 2315 1490 2348 salutari
1514 2315 1733 2348 absolvendi
1760 2316 1874 2349 etiam

240 2369 284 2401 ab
311 2370 596 2412 irregularitate
625 2379 848 2411 omnemque
877 2370 921 2403 ab
955 2371 1009 2404 eis
1040 2370 1291 2403 inhabilitatis
1322 2371 1361 2403 et
1390 2371 1546 2404 infamie
1576 2370 1762 2404 maculam
1792 2371 1874 2404 sine

241 2426 367 2457 notam
402 2425 590 2465 abolendi,
624 2426 671 2458 ad
700 2425 864 2458 honores
895 2435 1044 2467 quoque
1075 2435 1118 2458 ac
1148 2426 1188 2458 in
1218 2426 1386 2467 priorem
1425 2427 1563 2459 statum
1593 2426 1803 2468 reponendi
1835 2427 1875 2460 et

238 2481 483 2522 restituendi;
503 2480 703 2521 omniaque
720 2480 794 2513 alia
811 2482 849 2513 et
872 2480 1024 2523 singula
1038 2481 1202 2514 faciendi
1226 2483 1264 2514 et
1288 2481 1512 2522 exequendi,
1532 2490 1604 2522 que
1620 2482 1660 2514 in
1675 2481 1870 2523 premissis

239 2538 277 2567 et
292 2536 392 2568 circa
409 2545 453 2568 ea
469 2536 682 2569 necessaria
697 2536 840 2569 fuerint
856 2545 922 2569 seu
940 2536 1222 2577 quomodolibet
1239 2538 1425 2578 oportuna
1441 2537 1479 2569 et
1495 2545 1567 2577 que
1584 2537 1631 2569 ad
1654 2536 1871 2578 hujusmodi

240 2590 496 2631 inquisitionis
513 2592 672 2624 offitium
696 2592 741 2624 de
763 2591 849 2633 jure
873 2591 932 2624 vel
957 2592 1229 2624 consuetudine
1254 2591 1536 2633 quomodolibet
1559 2593 1730 2633 spectare
1747 2592 1871 2625 dinos-

241 2647 395 2687 euntur3
429 2655 575 2680 necnon
607 2647 829 2688 depravatos
860 2655 986 2680 mores
1017 2647 1263 2685 reformandi,
1298 2647 1474 2680 scandala
1504 2647 1763 2685 submovendi,
1794 2647 1872 2679 ino-

240 2699 434 2734 bedientes
476 2702 523 2734 ad
565 2701 818 2734 obedientiam
863 2702 1088 2744 reducendi3
1131 2701 1377 2735 rationabiles
1421 2711 1570 2743 quoque
1612 2702 1651 2735 et
1692 2701 1871 2735 honestas

242 2756 498 2789 ordinationes
515 2766 581 2790 seu
595 2757 883 2789 constitutiones
896 2757 1071 2796 maxime,
1091 2766 1163 2798 que
1177 2758 1223 2790 ad
1237 2757 1504 2799 omnipotentis
1518 2757 1588 2790 Dei
1601 2758 1640 2790 et
1655 2757 1870 2790 sanctorum

240 2809 400 2853 gloriam
428 2812 592 2853 fideique
623 2811 891 2845 exaltationem
919 2813 957 2846 et
982 2812 1111 2854 populi
1135 2821 1178 2845 ac
1201 2812 1294 2845 cleri
1318 2813 1364 2846 ad
1393 2813 1604 2856 augendam
1632 2812 1869 2846 devotionem

240 2865 490 2908 vitiorumque
518 2868 809 2910 extirpationem
837 2869 875 2902 et
901 2867 1083 2901 virtutum
1109 2868 1356 2902 insertionem
1384 2867 1582 2910 cultusque
1601 2867 1754 2901 Domini
1780 2877 1869 2911 aug-

239 2922 407 2955 mentum
441 2931 483 2956 ac
515 2923 795 2966 repressionem
834 2922 1102 2966 nephariorum
1141 2932 1299 2958 ausuum
1336 2922 1650 2966 allectionemque
1685 2923 1732 2957 ad
1770 2923 1867 2957 bene
