2096 3481
807 272 944 307 ANNO
971 274 1052 307 1524
1688 280 1750 312 ΞΠ

115 388 157 413 ac
174 381 350 414 dominiis
366 382 570 423 praedietis
587 382 676 416 dicti
694 383 874 417 horrendi
891 385 1077 427 dogmatis
1102 385 1389 427 haereticaeque
1414 388 1610 429 pravitatis
1637 398 1748 431 gene-

111 435 212 468 rales
229 436 472 477 inquisitores
489 447 671 477 creamus,
701 439 872 478 facimus,
902 441 1166 473 constituimus
1194 444 1231 474 et
1256 442 1478 483 deputamus
1503 453 1570 485 per
1594 445 1743 477 easdem

111 493 343 532 praesentes,
364 492 494 525 dantes
513 495 551 526 et
567 494 815 527 concedentes
833 495 886 527 eis
904 496 942 528 et
959 505 1085 528 eorem
1103 496 1258 529 cuilibet
1274 497 1423 539 plenam
1441 499 1478 530 et
1492 500 1743 532 omnimodam

112 546 338 588 potestatem
370 548 408 579 et
438 547 654 581 facultatem
683 550 815 582 eontra
847 559 976 583 omnes
1007 552 1044 583 et
1083 551 1266 593 singulos.
1307 552 1576 594 cujuscumque
1609 556 1740 592 status,

111 599 262 640 gradus,
280 599 422 632 ordinis
440 599 497 632 vel
515 601 742 633 conditionis
759 602 933 640 existant,
951 603 995 635 de
1009 604 1047 635 et
1060 613 1173 645 super
1190 604 1288 636 dicto
1307 605 1482 647 dogmate
1499 608 1537 638 et
1552 606 1743 640 haeretica

111 654 296 695 pravitate
327 655 543 696 inquirendi
571 657 609 689 et
640 665 732 697 quos
759 657 966 698 culpabiles
998 659 1238 700 reppererint
1269 668 1335 692 seu
1367 661 1592 701 reppererit.
1633 663 1741 702 juxta

109 717 330 742 excessuum
349 709 567 750 qualitatem
584 711 778 752 puniendi,
798 712 878 744 fisci
896 713 1120 745 sanctissimi
1139 714 1279 746 domini
1306 715 1423 748 nostri
1443 724 1560 756 papae
1579 718 1739 757 praefati

107 765 363 806 promotorem
381 773 423 797 ac
439 767 724 807 procuratorem
742 767 958 808 deputandi,
978 777 1019 800 ac
1037 769 1333 810 quibuscumque
1349 770 1538 810 judicibus
1556 774 1593 803 et
1614 781 1739 813 perso—

106 820 165 852 nis
193 819 306 852 etiam
334 821 431 853 sacri
462 820 593 862 palatii
625 821 822 863 apostolici
850 832 1047 855 causarum
1081 824 1314 856 auditoribus
1347 834 1412 857 seu
1438 824 1738 859 locatencntilms

105 875 322 908 earumdem
350 876 463 908 etiam
492 885 725 918 quacumque
743 878 965 911 auctoritate
983 879 1228 921 fungentibus
1253 881 1291 912 et
1306 879 1492 912 functuris
1510 881 1578 913 sub
1596 891 1740 914 exeom-

104 931 358 964 municatione
375 933 413 964 et
436 931 520 964 aliis
536 932 706 965 censuris
734 932 999 966 ecclesiasticis
1017 943 1057 966 ac
1076 933 1160 966 aliis
1176 935 1321 976 poenis,
1341 935 1476 976 quibus
1494 945 1587 977 opus
1610 938 1737 975 fuerit,

102 985 299 1019 inhibendi
317 987 515 1028 omniaque
534 987 607 1020 alia
624 989 660 1020 et
678 988 828 1031 singula
843 989 1005 1021 faciendi
1020 990 1057 1021 et
1070 990 1294 1030 exequendi,
1310 999 1404 1031 quae
1419 991 1456 1022 in
1470 992 1687 1032 praemissis
1702 995 1740 1025 ot

103 1040 204 1074 circa
220 1050 265 1074 ea
291 1042 505 1075 necessaria
528 1043 671 1075 fuerint
693 1052 759 1076 seu
777 1043 1060 1084 quomodolibet
1077 1046 1262 1086 oportuna
1279 1046 1316 1077 et
1339 1054 1433 1085 quae
1452 1046 1496 1077 ad
1521 1045 1737 1087 hujusmodi

102 1096 359 1137 inquisitionis
377 1097 540 1130 officium
555 1098 839 1139 quomodolibet
855 1100 1026 1140 spectare
1043 1101 1081 1132 et
1097 1100 1289 1141 pertinere
1307 1100 1567 1138 dinoscuntur,
1586 1112 1738 1135 eonsue-

102 1151 232 1184 tudine
249 1151 307 1185 vel
336 1152 382 1185 de
404 1153 490 1194 jure
514 1153 619 1185 vobis
648 1154 821 1186 omnibus
856 1155 893 1187 et
921 1154 1082 1197 singulis
1106 1155 1174 1187 sub
1205 1155 1304 1187 dicta
1336 1157 1736 1190 excommunicationis

100 1215 224 1249 poena
240 1207 410 1241 districte
434 1209 706 1250 praecipiendi,
726 1209 947 1242 mandantes
965 1211 1149 1250 quatenus
1167 1210 1411 1251 inquisitores
1429 1212 1643 1252 praedictos
1667 1222 1736 1254 per

99 1271 179 1301 nos,
199 1263 240 1295 ut
255 1263 524 1304 praemittitur,
544 1264 742 1305 deputatos
770 1264 934 1307 benigne
963 1265 1212 1306 suscipientes
1230 1266 1359 1306 eisque
1384 1266 1422 1298 in
1441 1266 1563 1298 officio
1581 1267 1735 1308 inquisi-

98 1318 212 1351 tionis
236 1318 453 1360 hujusmodi
481 1319 644 1352 efficacis
673 1320 903 1353 defensionis
931 1321 1121 1362 praesidio
1151 1321 1384 1360 assistentes,
1406 1331 1481 1354 non
1505 1324 1733 1364 permittatis

95 1373 182 1407 illos
218 1375 256 1407 et
287 1383 418 1407 eorum
450 1374 656 1416 quemlibet
684 1384 705 1408 a
736 1384 971 1417 quocumque
1003 1376 1170 1409 indebite
1203 1376 1409 1409 molestari.
1448 1377 1526 1410 Nos
1562 1379 1662 1410 enim
1694 1379 1732 1411 in

96 1429 394 1463 contradictores
419 1430 607 1471 quoslibet
631 1431 668 1463 et
696 1430 859 1464 rebelles
887 1432 1115 1470 nostrorum,
1145 1432 1259 1464 immo
1288 1433 1414 1465 verius
1440 1432 1733 1474 apostolicorum

94 1485 357 1518 mandatorum
370 1484 586 1527 hujusmodi
600 1486 902 1529 transgressores
917 1487 1141 1520 auctoritate
1161 1487 1367 1528 apostoliea
1380 1488 1574 1529 praedicta
1587 1498 1733 1522 excom-

94 1540 361 1573 municationis
378 1541 618 1578 sententiam,
634 1542 815 1574 canonica
827 1542 1034 1575 monitione
1047 1543 1268 1584 praemissa,
1280 1543 1438 1575 ferimus
1455 1544 1493 1575 in
1507 1543 1566 1576 his
1581 1545 1731 1586 scriptis

95 1596 134 1628 ct
164 1595 278 1628 etiam
304 1595 602 1639 promulgamus,
635 1606 709 1629 non
742 1597 977 1630 obstantibus
1005 1598 1178 1631 omnibus
1210 1597 1299 1636 illis,
1337 1607 1432 1639 quae
1473 1599 1732 1632 sanctissimus

94 1651 267 1684 dominus
284 1652 413 1684 noster
428 1660 525 1693 papa
541 1652 733 1693 praefatus
750 1653 787 1685 in
804 1653 1051 1694 praeinsertis
1076 1654 1114 1686 et
1135 1652 1237 1685 illius
1254 1654 1525 1695 praedecessor
1540 1654 1730 1687 Adrianus

92 1706 131 1739 in
149 1706 226 1739 suis
253 1705 392 1739 litteris
416 1707 625 1749 respective
642 1707 831 1740 voluerint
848 1718 922 1740 non
951 1709 1112 1741 obstare.
1143 1708 1431 1741 Absolutionem
1447 1718 1536 1742 vero
1562 1711 1729 1744 omnium

92 1762 130 1794 et
156 1760 405 1804 singulorum,
425 1762 488 1803 qui
505 1763 712 1804 praefatam
741 1764 908 1796 nostram
936 1764 1336 1796 excommunicationis
1360 1765 1587 1796 sententiam
1605 1765 1728 1798 ineur-

91 1816 213 1850 rerint
229 1817 305 1850 sive
322 1817 538 1856 incurrerit,
558 1826 707 1859 quoquo
736 1819 846 1851 modo
876 1819 983 1851 nobis
1010 1818 1067 1851 vel
1097 1819 1285 1861 superiori
1315 1819 1442 1851 nostro
1468 1820 1726 1853 tantummodo

90 1881 341 1906 reservamus.

134 1927 179 1960 In
193 1937 353 1969 quorum
371 1928 537 1961 oninium
555 1930 591 1961 et
605 1928 841 1971 singulorum
859 1929 971 1962 fidem
989 1930 1026 1962 et
1043 1929 1300 1962 testimonium
1313 1930 1607 1971 praemissorum
1621 1939 1728 1971 prae-

91 1984 218 2016 sentes
242 1982 390 2016 litteras
414 1984 491 2016 sive
523 1993 703 2026 praesens
731 1983 923 2026 publicum
947 1984 1239 2017 instrumentum
1268 1985 1352 2017 fieri
1381 1986 1418 2018 et
1444 1994 1513 2026 per
1538 1986 1725 2018 notarium

91 2037 284 2080 publicum
301 2039 583 2080 infrascriptum
613 2039 798 2072 subscribi
828 2040 866 2072 et
889 2039 1075 2081 publicari
1100 2039 1358 2072 mandavimus
1387 2040 1582 2081 nostrique
1610 2040 1727 2083 sigilli

90 2093 271 2135 jussimus
288 2095 326 2127 et
342 2094 499 2127 fecimus
523 2094 753 2136 appensione
771 2095 922 2126 muniri.

135 2149 271 2182 Datum
304 2150 341 2182 et
373 2151 495 2182 aetum
528 2150 565 2182 in
598 2151 783 2182 conventu
814 2150 1117 2191 praedicatorum
1158 2150 1514 2193 Stutgardiensium,
1549 2151 1727 2184 Constan-

90 2205 222 2237 tiensis
239 2205 468 2247 diocesis(l),
484 2214 581 2237 anno
596 2214 617 2237 a
635 2205 829 2237 nativitate
844 2205 994 2237 Domini
1012 2205 1213 2238 millesimo
1231 2207 1534 2248 quingentesimo
1549 2206 1725 2239 vicesimo

87 2261 234 2301 quarto,
254 2259 459 2293 indictione
478 2260 712 2298 duodecima,
729 2260 789 2292 die
804 2269 892 2292 vero
910 2260 1083 2301 Veneris,
1104 2261 1249 2293 decima
1265 2261 1426 2302 septima
1442 2261 1582 2293 niensis
1587 2285 1652 2293 .....
1664 2263 1723 2302 (2),

82 2314 326 2358 pontificatus
355 2315 582 2348 sanctissimi
608 2315 750 2347 domini
779 2316 897 2347 nostri
915 2325 1034 2356 papae
1051 2316 1212 2357 praefati
1231 2316 1434 2349 Clementis
1459 2316 1610 2357 septimi
1628 2326 1725 2349 anno

83 2371 219 2412 primo,
235 2370 499 2412 praesentibus
515 2370 655 2403 ibidem
674 2370 821 2403 dilectis
840 2370 947 2403 nobis
965 2371 1002 2402 in
1021 2370 1169 2404 Christo
1184 2370 1232 2412 (3)
1250 2371 1467 2404 Everhardo
1486 2371 1722 2410 Ethicscher,

86 2426 227 2458 decano
257 2425 440 2459 ecclcsiae
469 2425 589 2459 sancti
617 2425 786 2459 Mauritii
824 2425 1139 2468 Maguntinensis,
1171 2427 1209 2459 et
1237 2426 1370 2459 Carolo
1404 2427 1558 2465 (liresia,
1585 2426 1722 2460 clerico

132 2586 179 2627 (1)
204 2585 470 2620 Hetafschrift
488 2587 555 2620 der
570 2585 715 2620 Fardes
727 2585 772 2620 de
797 2586 931 2620 Vienna
945 2586 1049 2619 heeft
1065 2586 1149 2620 hier
1164 2596 1171 2619 :
1192 2601 1208 2614 ιι
1228 2587 1364 2620 Datum
1378 2589 1415 2620 et
1429 2588 1552 2620 actum
1565 2587 1722 2625 Vienne,

88 2642 126 2674 in
144 2641 276 2675 edibus
291 2643 418 2675 nostre
433 2641 543 2675 solite
559 2642 777 2675 residentie.
800 2657 816 2670 n

131 2697 180 2739 (2)
205 2696 282 2730 Het
297 2696 470 2730 asschrift
496 2697 563 2730 der
586 2696 731 2731 Fardes
748 2697 793 2731 de
813 2696 952 2732 Vienne
969 2697 1072 2730 heeft
1089 2697 1196 2731 hier:
1217 2711 1232 2725 ιι
1252 2698 1321 2731 Die
1338 2707 1426 2731 vero
1447 2698 1604 2731 Veneris
1629 2699 1726 2742 vige-

87 2752 182 2785 sima
198 2753 363 2786 secunda
374 2753 514 2785 mensis
531 2752 637 2786 Julii.
658 2767 674 2781 n

131 2807 179 2849 (3)
196 2807 240 2840 In
258 2808 305 2840 de
322 2806 467 2841 Far-des
484 2807 528 2841 de
550 2807 682 2842 Vienne
699 2808 770 2850 ziJn
795 2808 840 2841 de
859 2809 1039 2851 getuigen
1056 2808 1133 2842 niet
1149 2809 1241 2850 juist
1255 2809 1422 2842 [lezelt‘de
1440 2819 1485 2842 en
1505 2809 1598 2842 lecsl,
1616 2820 1699 2842 men
1717 2820 1724 2841 :

90 2876 105 2889 ιι
124 2862 327 2896 Frederico
348 2863 517 2896 Neusera
539 2863 578 2905 (2)
599 2862 940 2905 Plancica1npian0‚
960 2863 1086 2906 legum
1104 2864 1269 2903 doctore,
1289 2863 1426 2898 clerico
1445 2865 1725 2907 Bamberglien-

89 2917 140 2950 sis
179 2918 351 2957 diocesis,
385 2919 423 2952 et
461 2917 596 2952 carolo
632 2919 788 2958 CiresiO,
825 2918 964 2952 clerico
1004 2918 1305 2959 Placentinense‚
1342 2921 1548 2953 camerario
1582 2922 1722 2958 nostre,

90 2972 287 3007 testibus...
309 2988 324 3004 η
