2096 3481
335 270 398 303 294
1038 269 1174 304 ANNO
1201 270 1283 303 1524

331 378 532 410 trissimam
546 376 762 421 d[ominam]
784 377 1050 420 Margaretam,
1065 378 1106 411 ut
1123 387 1189 411 suo
1209 378 1358 412 nominc
1374 379 1504 421 J'ubeat
1518 378 1624 413 illum
1641 380 1810 414 rabulam
1827 381 1952 422 silere,

332 434 471 465 faceret
491 432 582 464 mihi
599 441 679 464 rem
693 441 924 474 magnopere
938 433 1085 475 gratam
1100 442 1167 466 nec
1182 433 1304 465 minus
1318 433 1449 466 utilem
1462 434 1635 476 publicae
1649 435 1954 477 tranquillitati...

377 487 632 518 Lutlicranum
666 487 859 529 negotium
889 486 1071 520 latissime
1098 490 1344 530 pervagatum
1376 494 1433 521 est
1463 490 1501 521 et
1532 490 1568 521 in
1603 489 1681 522 (lies
1708 491 1893 533 propagat
1916 500 1956 523 se

332 541 454 572 latius.
484 541 647 573 Proinde
674 544 799 574 metuo
824 550 868 573 ne
898 541 1117 583 vulgaribus
1134 543 1323 580 remediis,
1344 542 1415 574 hoc
1439 545 1495 576 est
1511 543 1724 584 palinodiis‚
1743 545 1956 578 carceribus

332 598 369 627 et
386 594 575 627 fasciculis
596 605 668 627 non
687 596 803 628 simus
821 596 1019 628 admodum
1037 597 1253 637 profecturi.
1272 597 1349 629 IIac
1367 597 1411 630 de
1429 607 1470 630 re
1488 599 1776 631 submonueram
1795 600 1958 632 invictis-

330 651 463 681 simum
496 650 706 687 Caesarem,
743 651 899 683 fratrem
925 650 1201 684 illustrissimae
1232 651 1466 684 celsitudinis
1491 653 1588 691 tuae,
1625 662 1693 694 per
1718 653 1951 695 Glapionem.

335 704 629 737 Submonueram
655 706 692 737 et
715 705 920 737 Adrianum
945 705 1172 746 pontificem.
1193 706 1398 738 Submonui
1426 706 1655 740 Clementem
1679 708 1715 740 et
1732 707 1844 750 hujus
1861 708 1959 751 lega-

335 760 412 790 tum
438 759 693 801 Campegium.
725 760 762 791 Si
792 759 973 800 quaedam
1001 761 1248 799 mutarentur,
1283 770 1376 801 quae
1403 761 1504 793 nullo
1533 761 1730 804 religionis
1748 763 1956 804 dispendio,

335 813 438 845 nulla
469 812 610 854 publici
645 815 762 846 status
794 814 1036 847 convulsione
1068 815 1205 847 mutari
1239 817 1407 857 possunt,
1444 816 1556 857 idque
1593 817 1702 849 fieret
1736 818 1958 851 auctoritate

332 868 564 909 pontificum,
585 869 846 910 episcoporum
864 871 901 902 et
924 869 1148 911 principum,
1174 871 1333 903 mundus
1358 871 1519 912 (opinor)
1538 871 1722 912 inciperet
1748 871 1959 906 auscultare

333 925 369 955 et
388 932 472 964 spes
490 924 589 956 esset
615 922 797 965 paulatim
821 924 1028 957 redituram
1051 925 1301 958 concordiam.
1331 926 1439 958 Nunc
1471 927 1628 967 utraque
1655 935 1742 968 pars
1769 927 1958 960 mordicus

337 978 463 1010 tuetur
487 987 566 1010 sua.
1741 991 1743 993 ’

681 1055 871 1094 Erasmus,
893 1055 1010 1100 Opera
1027 1056 1165 1094 omnia,
1185 1056 1267 1089 deel
1284 1057 1352 1095 ΙΙΙ,
1377 1054 1464 1098 pars
1481 1057 1510 1096 Ι,
1530 1057 1599 1090 blz.
1619 1056 1695 1090 826.
1713 1075 1756 1081 -—
1771 1057 1834 1091 Zie
1859 1057 1957 1092 hier-

725 1110 844 1142 boven
863 1120 953 1143 onze
971 1111 1133 1144 stukken
1159 1118 1197 1144 n1·
1213 1111 1267 1150 90,
1293 1111 1362 1144 blz.
1383 1111 1456 1150 130,
1487 1118 1525 1144 n1·
1544 1111 1619 1151 113,
1635 1111 1704 1145 blz.
1725 1111 1799 1152 161,
1827 1118 1866 1145 nr
1884 1113 1957 1153 130,

725 1164 795 1197 blz.
816 1165 888 1204 183,
906 1172 944 1198 11¹*
961 1166 1034 1205 194,
1055 1165 1123 1198 blz.
1149 1166 1212 1198 254
1231 1175 1276 1199 cn
1295 1173 1334 1198 n1·
1350 1166 1426 1205 208,
1445 1167 1515 1199 blz.
1535 1166 1611 1199 258.

1085 1325 1208 1368 240.

406 1468 545 1513 1524,
569 1463 820 1506 December
850 1470 890 1515 1,
923 1465 958 1506 ’8
985 1464 1310 1521 Gravenlzaqe.
1352 1461 1601 1506 Notarieele
1640 1465 1735 1506 acte
1778 1477 1863 1507 van
1903 1464 1956 1508 de

337 1533 604 1577 verbintenis
625 1548 877 1591 aangegaan
899 1533 953 1592 bij
980 1535 1010 1578 't
1033 1541 1284 1592 ontvangen
1308 1536 1386 1579 der
1408 1536 1587 1594 pastorij
1622 1551 1705 1580 van
1730 1536 1962 1595 Voorburg

332 1602 439 1645 door
469 1604 550 1646 Jan
584 1616 667 1645 van
691 1604 911 1653 Polanen;
943 1603 1076 1646 onder
1109 1617 1226 1646 meer
1258 1604 1331 1647 dat
1364 1605 1423 1663 hij
1458 1605 1511 1649 de
1535 1605 1803 1648 Luthersche
1836 1610 1954 1650 secte

336 1671 426 1714 niet
444 1672 509 1714 231
529 1676 776 1725 voorstaan,
799 1685 935 1727 geene
957 1672 1205 1716 kettersche
1224 1672 1387 1716 boeken
1411 1678 1486 1716 ten
1509 1673 1674 1731 zijnent
1696 1674 1761 1717 231
1784 1674 1956 1718 houden

336 1753 389 1782 en
409 1743 495 1783 met
528 1754 664 1796 geene
687 1740 956 1783 verdachten
982 1741 1048 1784 zal
1072 1754 1270 1796 omgaan.
1311 1768 1363 1774 —
1387 1741 1509 1785 Leeft
1536 1742 1594 1799 hij
1633 1743 1736 1786 deze
1768 1741 1956 1787 beloften

334 1808 426 1851 niet
448 1821 520 1860 na,
543 1799 626 1852 dan
646 1809 680 1851 is
705 1809 763 1866 hij
791 1823 875 1852 van
893 1809 996 1852 deze
1014 1809 1190 1866 pastorij
1213 1811 1435 1853 vervallen
1455 1825 1508 1853 en
1526 1810 1645 1866 geeft
1664 1811 1723 1868 hij
1744 1810 1802 1868 bij
1827 1811 1960 1854 dezen

331 1891 413 1919 aan
453 1877 763 1921 ver-scheidene
786 1877 1081 1934 opgenoemde
1113 1879 1401 1937 geestelijken
1445 1879 1667 1923 volmacht
1697 1893 1764 1922 om
1794 1880 1893 1923 hem
1914 1882 1959 1924 te

335 1945 456 1988 laten
479 1957 750 2002 vervangen.

335 2048 641 2083 Procuratorium
664 2048 715 2083 ad
738 2049 1007 2094 resignandum
1031 2050 1220 2084 ecclesiam
1237 2050 1282 2084 de
1313 2050 1533 2090 Vombarch,
1559 2052 1592 2084 si
1621 2050 1797 2084 dominus
1823 2050 1882 2086 Jo.
1910 2050 1957 2084 de

375 2103 554 2144 Pelanem
574 2104 755 2148 presbiter
779 2105 927 2144 ibidem,
954 2104 1052 2139 ultra
1076 2116 1140 2140 sex
1162 2105 1387 2140 ebdomadas
1409 2117 1446 2141 se
1469 2106 1514 2140 ab
1539 2105 1690 2140 ecclesia
1707 2105 1957 2141 absentaverit

374 2158 432 2193 cel
452 2159 694 2193 Luterianam
719 2159 928 2193 doctrinam
951 2158 1127 2195 docuerit.

373 2236 416 2269 In
445 2237 595 2269 nomine
624 2237 775 2270 Domini
803 2247 922 2270 amen.
953 2238 1061 2271 Anno
1091 2248 1112 2271 a
1136 2239 1331 2272 nativitate
1357 2239 1524 2272 eiusdem
1547 2237 1748 2271 millesimo
1773 2238 1954 2281 quingen-

329 2291 462 2323 tesimo
502 2292 679 2324 vicesimo
719 2294 864 2333 quarto,
910 2293 1115 2326 indictione
1159 2294 1389 2332 duodecima,
1432 2294 1491 2326 die
1530 2302 1618 2326 vero
1657 2293 1779 2334 prima
1816 2293 1955 2326 mensis

331 2346 560 2384 Decembris,
588 2347 633 2379 de
661 2356 769 2379 mane
794 2346 887 2379 hora
915 2348 1020 2387 quasi
1048 2349 1189 2385 octava,
1218 2348 1457 2390 pontificatus
1486 2347 1712 2380 sanctissimi
1739 2348 1778 2380 in
1807 2347 1954 2381 Christo

329 2401 446 2441 patris
472 2402 509 2433 et
534 2401 674 2433 domini
700 2402 830 2440 nostri,
859 2402 999 2434 doi‘nini
1025 2402 1238 2441 Clementis,
1264 2403 1389 2435 divina
1411 2402 1648 2444 providentia
1671 2411 1767 2444 pape
1791 2402 1953 2443 septimi,

332 2464 427 2487 anno
457 2456 537 2487 cius
565 2456 742 2495 secundo,
772 2456 809 2488 in
838 2457 911 2489 mei
940 2457 1074 2498 notarij
1107 2456 1248 2498 publici
1280 2458 1507 2498 testiumque
1538 2457 1878 2500 infrascriptorum,
1909 2457 1955 2489 ad

331 2509 401 2541 hoc
426 2509 641 2550 specialiter
664 2512 880 2543 vocatorum
905 2512 943 2543 et
965 2513 1197 2554 rogatorum.
1223 2512 1439 2553 praesentia
1461 2512 1713 2553 personaliter
1729 2512 1954 2544 constitutus

329 2563 560 2596 honorabilis
593 2574 634 2597 ac
667 2565 849 2598 discretus
882 2565 938 2597 vir
969 2567 1006 2598 et
1039 2566 1223 2604 (lominus,
1258 2566 1430 2598 dominus
1461 2566 1655 2600 Johannes
1691 2567 1736 2599 de
1771 2565 1951 2605 Palanen‚

328 2619 516 2658 presbiter
555 2619 807 2653 Traiectensis
847 2620 1019 2658 diocesis,
1060 2622 1260 2662 antequam
1299 2621 1345 2652 ad
1385 2620 1583 2654 ecclesiam
1620 2620 1875 2662 parochialem
1907 2621 1952 2653 de

330 2673 553 2711 Voirburch,
594 2676 787 2707 vacantem
829 2684 897 2716 per
938 2676 1097 2708 mortem
1136 2674 1361 2708 venerabilis
1400 2676 1483 2714 viri,
1526 2675 1667 2707 domini
1706 2676 1744 2708 et
1781 2675 1952 2717 magistri

329 2727 518 2760 Lambcrti
537 2727 697 2767 ettonis,
722 2730 937 2771 presbiteri,
956 2730 1057 2762 illius
1076 2729 1197 2762 ultimi
1214 2730 1455 2771 possessoris,
1473 2739 1542 2771 per
1557 2729 1743 2762 illustrem
1763 2729 1950 2762 dominam

326 2781 496 2814 Josinam
528 2784 573 2816 de
590 2783 797 2826 Egmonda,
831 2784 1019 2817 dominam
1051 2785 1096 2817 de
1134 2784 1374 2823 Wassenaer,
1416 2786 1502 2823 etc„
1542 2793 1630 2817 vere
1666 2785 1703 2817 et
1739 2783 1949 2817 indubitate

327 2837 576 2876 patronissam
602 2838 699 2871 dicte
723 2838 894 2877 ecclesie,
920 2839 1220 2880 presentabatur,
1246 2839 1285 2871 in
1309 2839 1382 2872 fide
1399 2839 1488 2871 boni
1505 2839 1576 2871 viri
1594 2840 1631 2872 et
1646 2838 1834 2871 mediante
1850 2838 1948 2870 iura—

328 2892 465 2928 mento,
499 2893 607 2924 tactis
638 2894 886 2925 sacrosanctis
918 2894 987 2926 Dei
1018 2893 1234 2936 Evangelijs
1264 2894 1436 2935 prestito,
1471 2893 1516 2926 ad
1547 2902 1678 2926 manus
1706 2893 1780 2926 mei
1811 2892 1946 2934 notarij

329 2944 557 2987 infrascripti
585 2948 769 2988 promisit,
802 2949 915 2990 prout
944 2957 1012 2990 per
1038 2949 1233 2990 presentes
1260 2948 1457 2990 promittit,
1488 2949 1670 2989 quatenus
1687 2946 1947 2989 personaliter
