2096 3481
805 274 943 309 ANNO
971 275 1055 308 1520
1712 278 1754 309 33

113 384 319 428 apostolica
331 386 537 428 praedicta.
556 385 612 418 vel
629 386 674 418 ab
692 394 734 418 ea
752 387 978 427 potestatem
997 385 1234 423 habentibus,
1255 385 1322 418 sub
1341 387 1471 427 quavis
1488 388 1621 425 forma,
1641 390 1753 422 etiam

111 441 392 480 confessionam,
426 443 464 474 et
490 450 574 474 eum
602 441 796 482 quibusvis
824 441 939 473 etiam
971 441 1188 473 fortissimis
1220 441 1412 480 clausulis,
1451 445 1515 475 aut
1543 452 1589 476 ex
1625 446 1756 485 quavis

111 505 225 529 causa
240 505 307 529 seu
323 497 459 539 grandi
476 496 780 529 consideratione
808 495 996 528 indultum
1021 495 1078 528 vel
1105 505 1324 529 eoncessum
1349 497 1499 535 existat,
1520 499 1619 539 quod
1643 500 1758 533 inter-

113 551 199 589 dici,
226 552 404 593 suspendi
437 551 494 585 vel
527 551 846 584 excommunicari
876 560 949 583 non
982 551 1129 592 possint
1162 561 1229 592 per
1257 551 1388 585 literas
1417 553 1655 594 apostolicas,
1683 565 1757 587 non

113 607 295 640 facientes
308 607 459 648 plenam
472 608 510 640 et
523 616 753 648 expressam,
784 616 826 639 ae
845 607 890 639 de
903 606 1019 638 verbo
1038 607 1266 644 adverbum,
1287 617 1360 640 non
1379 609 1503 640 autem
1521 618 1590 650 per
1613 609 1758 643 clausu-

114 661 169 694 las
197 662 396 704 generales
431 663 468 694 id
500 663 760 703 importantes.
803 662 848 694 de
878 661 1023 693 indulto
1054 661 1269 703 huJusmodi
1304 663 1546 702 mentionem,
1589 665 1759 705 (staffilem

113 716 250 750 indulti
269 718 432 755 tenores,
452 726 584 750 causas
601 718 639 750 et
656 718 810 755 formas,
826 717 983 758 perinde
1002 726 1044 749 ae
1059 718 1088 749 si
1108 718 1153 750 de
1171 718 1285 750 verbo
1304 719 1349 750 ad
1369 718 1523 751 verbum
1550 720 1759 754 insereren-

115 773 188 810 tur,
208 772 260 804 ita
277 775 317 804 ut
335 773 487 805 omnino
507 772 674 810 tollatur,
693 772 956 813 praesentibus
974 782 1042 813 pro
1068 773 1258 814 expressis
1277 773 1470 806 hahentes.

157 827 180 867 ἓ
203 827 257 859 21.
278 827 382 860 Nulli
396 836 488 870 ergo
506 828 659 860 omnino
674 827 869 859 hominum
887 827 999 859 liveat
1013 827 1108 859 hane
1129 828 1305 869 paginam
1325 830 1476 860 nostrae
1495 829 1758 866 damnationis.

114 882 406 923 reprobationis,
425 883 657 924 rejectionis,
685 883 840 918 decreti,
861 882 1140 921 declarationis,
1158 883 1409 922 inhibitionis,
1425 884 1642 923 voluntatis,
1662 895 1763 918 mau-

117 937 206 975 dati,
235 937 477 977 hortationis,
504 938 791 976 obsecrationis,
818 938 1092 978 requisitionis,
1112 939 1345 976 monitionis,
1374 939 1654 981 assignationis,
1681 951 1763 973 eon-

115 992 310 1030 cessionis,
337 993 676 1032 condemnationis,
703 993 963 1035 subjectionis,
992 994 1394 1026 excommunicationis
1420 996 1456 1026 et
1474 995 1764 1028 anathematisa-

116 1047 231 1080 tionis
248 1048 473 1090 iufringere,
489 1048 546 1081 vel
565 1049 600 1081 ei
625 1058 717 1081 ausu
736 1049 939 1081 temerario
957 1049 1160 1081 contraire.
1181 1048 1219 1081 Si
1238 1050 1320 1090 quis
1338 1052 1463 1082 autem
1482 1050 1551 1082 hoe
1577 1053 1763 1083 attentare

118 1103 429 1145 praesumpserit,
456 1103 759 1146 indignationem
785 1104 1056 1145 omnipotentis
1086 1104 1154 1136 Dei
1181 1113 1222 1136 ae
1241 1104 1438 1137 beatorum
1464 1105 1570 1138 Petri
1589 1108 1626 1138 et
1654 1106 1764 1139 Pauli

121 1157 380 1200 apostolorum
397 1159 479 1200 eJus
497 1168 537 1191 se
552 1159 699 1192 noverit
717 1159 970 1191 incursurum.

163 1214 300 1246 Datum
335 1213 480 1246 Romae
520 1215 618 1256 apud
658 1216 829 1247 sanctum
869 1214 1045 1251 Petrum,
1089 1224 1186 1247 anno
1228 1215 1506 1248 Incarnationis
1546 1217 1765 1249 Dominicao

120 1268 323 1302 millesimo
356 1269 660 1312 quingentesimo
696 1270 893 1312 vigesimo,
929 1269 1048 1302 XVII.
1079 1269 1205 1303 kalen.
1233 1270 1341 1310 Julii,
1371 1272 1614 1313 pontificatus
1648 1273 1766 1304 nostri

122 1333 219 1358 anno
238 1326 381 1357 octavo.

473 1380 657 1424 Magnum
679 1379 895 1415 Bullarium
920 1379 1148 1424 Romanum,
1174 1381 1256 1415 decl
1275 1381 1304 1420 I,
1324 1381 1393 1415 blz.
1409 1382 1566 1415 610-614.

904 1509 987 1552 33.

191 1633 330 1680 1520,
364 1627 571 1680 October,
616 1629 826 1673 Brussel.
857 1631 1102 1675 Uittreksel
1142 1631 1204 1674 uit
1249 1645 1356 1675 eene
1403 1631 1618 1689 rekening
1664 1646 1768 1677 over

120 1714 226 1744 eene
243 1701 329 1744 reis
347 1714 432 1744 van
452 1701 655 1744 Remacle
673 1700 938 1752 d'Ardenne,
963 1701 1021 1744 lid
1040 1714 1123 1744 van
1142 1701 1226 1744 den
1244 1700 1483 1745 Geheimen
1505 1702 1642 1755 Raad,
1659 1716 1768 1746 naar

120 1771 298 1814 Brussel
319 1770 577 1827 aangaande
593 1770 779 1814 Luther.

162 1861 195 1894 A
211 1860 275 1903 luy
294 1859 463 1903 [maistre
487 1860 668 1893 Remaele
694 1860 910 1904 Dardenne]
929 1870 1038 1902 pour,
1059 1870 1106 1895 en
1122 1860 1250 1904 juillet
1267 1871 1329 1900 xx,
1349 1862 1455 1895 avoir·
1472 1864 1552 1896 este
1577 1872 1599 1896 a
1622 1863 1768 1897 Anvers

120 1916 302 1949 touchant
318 1915 477 1958 labbaye
495 1916 541 1949 de
559 1916 688 1948 Sainet
712 1916 865 1949 Miehiel
884 1916 984 1955 illee,
1011 1919 1049 1950 et
1067 1926 1112 1950 en
1133 1917 1287 1951 octobre
1313 1918 1513 1951 ensuivant
1530 1928 1551 1951 a
1568 1919 1769 1953 Bruxelles

121 1971 303 2005 touchant
320 1971 521 2005 Luther....
540 1971 637 2012 xliiij
658 1971 785 2011 lix-ros,
805 1973 865 2013 xvj
886 1972 975 2004 sols.

455 2043 719 2085 Rijksarehies
732 2054 803 2077 van
818 2044 986 2084 Brussel,
1005 2044 1171 2079 Revenus
1188 2049 1219 2079 ec
1233 2044 1409 2089 depenses
1422 2045 1468 2080 de
1482 2044 1770 2084 charles-Quint

518 2098 751 2140 (meo-1530),
778 2099 844 2132 fol.
863 2099 928 2132 240
946 2109 1073 2142 verso3
1094 2101 1330 2143 aangehaald
1357 2102 1407 2143 bij
1429 2101 1575 2139 Henne,
1604 2101 1686 2134 deel
1704 2102 1768 2140 IV,

514 2154 584 2187 blz.
605 2154 681 2193 329,
701 2155 776 2193 330,
798 2157 887 2187 noot
904 2156 935 2187 5.
955 2174 998 2179 -—
1022 2156 1202 2189 Remaele
1218 2157 1431 2190 d'Ardenne
1450 2156 1667 2198 (1480-1524)
1694 2167 1770 2190 was

516 2210 644 2243 sedert
672 2210 756 2242 1517
780 2210 833 2242 lid
858 2221 928 2243 van
955 2212 1026 2243 den
1053 2211 1259 2245 Geheimen
1285 2212 1392 2244 Raad
1419 2212 1485 2244 der
1514 2212 1770 2255 landvoogdes

517 2265 763 2308 Margaretha
785 2276 856 2299 van
886 2266 1118 2308 Oostenrijk.
1149 2268 1225 2308 (Zie
1252 2267 1472 2300 Henuebert
1489 2268 1528 2300 in
1558 2279 1654 2309 voce,
1684 2270 1771 2301 ‘Bio-

514 2319 677 2365 9raphie
693 2320 896 2360 nationale,
917 2322 1000 2355 (leel
1019 2322 1065 2363 I.)

901 2456 987 2499 34.

196 2566 335 2614 1520,
363 2561 553 2606 October
574 2568 650 2614 23,
680 2563 832 2606 Alcen.
862 2567 986 2610 Brief
1017 2581 1103 2611 van
1145 2568 1228 2612 den
1262 2569 1409 2625 legaat
1430 2569 1652 2614 Aleander
1682 2584 1767 2614 aan

125 2632 207 2677 den
245 2635 359 2678 Paus
397 2647 503 2678 over
541 2635 592 2678 de
631 2636 740 2679 zaak
771 2650 857 2679 van
897 2637 1064 2680 Luther
1101 2637 1146 2681 in
1170 2638 1222 2681 de
1257 2639 1583 2683 Nederlanden.
1615 2666 1667 2672 -
1694 2640 1764 2696 Hij

126 2701 274 2753 meldt,
303 2702 376 2746 dat
398 2703 450 2746 de
473 2703 646 2754 Keizer,
669 2705 833 2762 terwijl
856 2704 910 2762 zij
937 2704 1060 2749 beide
1082 2708 1127 2750 te
1148 2706 1420 2763 Antwerpen
1450 2721 1614 2759 waren,
1644 2707 1768 2751 bevel

126 2783 322 2827 gegeven
347 2771 466 2816 heeft
499 2773 544 2816 in
568 2772 620 2816 de
642 2773 949 2818 Nederlanden
987 2775 1028 2818 al
1066 2776 1264 2820 Luther's
1299 2775 1466 2819 boeken
1492 2780 1535 2821 te
1558 2776 1768 2820 verbran-

127 2839 228 2884 den.
253 2841 312 2884 Te
325 2842 498 2885 Leuven
516 2842 639 2885 werd
661 2843 738 2887 het
755 2843 868 2888 edict
891 2847 981 2888 met
1003 2844 1078 2889 het
1095 2846 1217 2902 zegel
1241 2859 1327 2889 van
1346 2845 1541 2890 Brabant
1557 2845 1771 2890 bekrach-

127 2908 237 2965 tigd‚
263 2924 317 2954 en
341 2911 518 2955 werden
544 2912 695 2956 aldaar
732 2912 816 2956 den
849 2913 946 2957 8Sten
981 2927 1099 2958 meer
1135 2914 1218 2958 dan
1261 2915 1431 2972 tachtig
1466 2914 1632 2959 boeken
1668 2929 1768 2959 ver·

127 2975 283 3023 brand.
309 2980 368 3023 Te
392 2981 500 3025 Luik
522 2982 644 3026 werd
683 2981 766 3027 den
792 2985 868 3028 17¹²
901 2997 980 3028 een
1018 2983 1356 3041 bisschoppelijk
1395 2984 1508 3030 edict
1545 2989 1678 3042 tegen
1715 2985 1768 3028 de

1651 3103 1671 3132 :3
