2096 3481
847 212 984 246 ANNO
1011 213 1092 245 1521
1746 207 1789 239 49

153 326 271 359 effuso
296 325 479 367 sanguine
503 333 572 365 per
597 323 760 356 divinam
784 323 945 365 gratiam
970 323 1041 354 sibi
1067 322 1320 363 quaesierunt,
1349 321 1395 353 ad
1419 319 1667 352 orthodoxam
1691 322 1787 354 viam

153 381 323 414 adductis
339 380 398 413 vel
417 379 584 421 expulsis
607 378 836 416 infidelibus,
862 387 1092 420 propagare3
1120 387 1249 410 verum
1266 377 1393 414 etiam,
1420 384 1466 407 ne
1491 384 1564 415 qua
1588 375 1790 408 haereseos

152 435 255 469 labes
283 436 348 468 aut
375 435 533 476 suspitio
558 435 597 466 in
623 434 699 475 jam
728 433 798 465 sibi
828 433 987 464 subditis
1016 433 1231 465 natlonibus
1259 431 1535 465 sacrosanctam
1563 430 1788 472 religionem

152 492 320 523 nostram
343 489 603 527 commaculet,
629 497 773 520 summo
799 488 922 520 studio
946 487 1158 528 providere,
1179 497 1233 526 ac,
1253 488 1284 519 si
1302 496 1375 528 qua
1397 486 1472 527 J'am
1491 485 1582 516 oriri
1608 486 1787 527 coeperit,

152 555 235 579 eam
267 546 369 578 omni
401 554 471 587 ope
510 544 686 584 omnique
719 552 810 575 cura
845 543 953 584 juxta
991 551 1160 574 normam
1200 552 1222 575 a
1260 543 1390 575 sancta
1427 540 1599 573 Romana
1630 540 1791 573 ecclesia

152 601 333 634 hactenus
366 600 601 633 observatam
633 598 760 631 delere
791 598 942 639 penitus
973 599 1011 630 et
1042 598 1278 639 extinguere.
1314 596 1419 635 Quod
1453 596 1483 627 si
1516 596 1598 635 quis
1635 595 1729 627 alius
1769 605 1789 627 e

150 656 358 697 maJ'oribus
390 656 542 693 11051115,
577 655 680 686 tanto
714 663 781 685 1105
812 653 933 694 magis
964 654 1158 694 praestare
1195 653 1386 689 debemus,
1429 652 1568 691 quanto
1606 651 1674 682 Dei
1711 652 1787 691 opt.

152 711 307 743 maximi
345 711 529 742 immensa
580 709 795 751 benignitas
845 708 953 740 nobis
991 707 1102 748 plura
1140 717 1259 750 regna
1299 709 1337 739 et
1378 705 1544 738 dominia
1587 705 1790 746 pluresque

151 768 190 799 et
220 766 341 808 magis
372 765 572 798 bellicosos
603 763 763 805 populos
795 763 1033 804 majoresque
1064 763 1163 795 vires
1197 772 1307 803 quam
1345 762 1421 802 J'am
1462 760 1590 792 multis
1630 759 1790 792 saeculis

151 821 263 854 alicui
288 821 463 862 principi,
494 820 557 860 qui
580 819 684 852 hisce
712 818 832 850 titulis
857 818 905 850 sit
929 819 1083 859 potitus,
1111 818 1156 850 ad
1181 826 1271 850 suae
1297 819 1447 849 sanctae
1472 815 1561 847 fidei
1580 814 1736 847 tutelam
1755 816 1792 846 et

150 876 426 908 incrementum
443 874 600 917 elargiri
625 874 780 916 dignata
804 874 872 906 est.
898 873 1065 911 Accedit,
1093 873 1191 913 quod
1217 881 1330 913 quum
1348 880 1393 903 ex
1411 873 1569 912 paterno
1596 879 1749 911 genere,
1769 878 1790 901 0

151 930 476 963 christianissimis
511 929 804 971 imperatoribus
840 930 878 961 et
913 928 1177 960 archiducibus
1212 927 1388 959 Austriae
1429 925 1660 964 ducibusque
1699 924 1792 956 Bur-

151 986 327 1028 gundiae‚
358 995 404 1018 ex
428 986 599 1018 materno
628 993 730 1022 vere,
761 983 958 1016 catholicis
990 983 1271 1023 Hispaniarum,
1307 980 1457 1014 Siciliae
1486 981 1523 1012 et
1552 979 1791 1011 Hierusalem

151 1041 308 1083 regibus
349 1041 465 1072 simus
507 1040 592 1077 orti,
635 1048 794 1080 quorum
834 1039 1001 1070 omnium
1043 1047 1111 1079 pro
1151 1038 1224 1069 fide
1260 1036 1467 1069 christiana
1501 1044 1562 1066 res
1598 1033 1792 1075 praeclare

151 1098 277 1138 gestas
307 1095 411 1128 nulla
438 1104 603 1135 unquam
632 1094 773 1126 delebit
800 1093 952 1126 oblivio.
987 1094 1071 1125 Non
1103 1093 1184 1125 sine
1217 1091 1323 1134 gravi
1355 1090 1607 1122 conscientiae
1642 1091 1792 1120 nostrae

136 1161 266 1183 -onere
295 1153 333 1183 et
356 1151 540 1192 perpetua
564 1149 727 1181 nominis
753 1151 842 1181 nota
865 1149 1100 1189 quadamque
1125 1147 1241 1180 veluti
1267 1145 1405 1179 nebula
1427 1145 1602 1177 felicibus
1627 1144 1792 1176 ineuntis

150 1206 384 1247 principatus
408 1205 529 1237 nostri
553 1205 730 1246 auspiciis
759 1204 879 1236 offusa
905 1205 1046 1235 factum
1074 1203 1307 1239 crederetur,
1338 1202 1381 1239 si,
1413 1210 1508 1241 quae
1532 1200 1608 1241 Jam
1634 1199 1678 1231 ab
1706 1199 1792 1230 hinc

151 1262 355 1293 triennium
380 1260 568 1302 pullulare
591 1261 630 1292 in
655 1260 857 1292 Germania
879 1260 1099 1300 coeperunt,
1127 1267 1240 1290 novas
1266 1257 1445 1298 quasdam
1464 1255 1654 1292 haereses,
1675 1255 1789 1285 imino

151 1317 277 1349 verius
313 1317 391 1357 jam
431 1324 543 1357 saepe
582 1315 672 1346 olim
711 1324 779 1356 per
818 1314 979 1346 concilia
1016 1316 1054 1346 et
1093 1321 1325 1345 summorum
1364 1311 1586 1352 pontificum
1628 1310 1791 1347 decreta,

152 1371 384 1413 approbante
409 1370 580 1409 ecclesia,
601 1371 794 1402 damnatas
819 1371 856 1402 et
880 1379 979 1401 nunc
1004 1369 1125 1401 denuo
1144 1368 1260 1400 veluti
1279 1367 1323 1399 ab
1342 1367 1474 1398 inseris
1493 1367 1620 1398 erutas
1638 1364 1793 1396 altiores

150 1427 276 1468 J'acere
294 1427 440 1459 radices
457 1425 536 1458 ulla
553 1427 682 1458 nostra
700 1425 936 1467 negligentia
951 1424 1053 1465 passi
1070 1433 1154 1456 esse
1171 1423 1399 1455 videremur.

196 1482 292 1515 Sane
320 1484 487 1514 vestrum
516 1481 705 1513 neminem
729 1481 908 1522 ignorare
934 1480 1204 1517 existimamus,
1224 1479 1359 1519 quibus
1385 1477 1578 1509 erroribus
1603 1477 1639 1508 et
1665 1475 1795 1507 haere-

153 1537 256 1569 sibus
288 1537 333 1569 ab
367 1537 578 1569 orthodoxa
610 1536 683 1568 fide
714 1535 829 1577 longe
865 1535 998 1568 alienis
1031 1535 1182 1575 quidam
1214 1534 1334 1566 frater
1365 1533 1550 1565 Martinus
1590 1531 1792 1565 Lutherus‚

152 1593 295 1624 ordinis
335 1602 363 1624 5.
404 1591 620 1634 Augustini,
653 1590 879 1633 religionem
919 1590 1163 1622 christianam
1201 1589 1241 1620 in
1282 1588 1352 1620 hac
1387 1586 1611 1629 praesertim
1652 1585 1796 1627 inclyta

152 1647 376 1680 Germanica
402 1647 554 1679 natione
583 1646 704 1678 omnis
735 1646 970 1678 infidelitatis
1003 1646 1041 1678 et
1072 1645 1272 1677 haeresum
1303 1644 1488 1685 perpetua
1520 1641 1793 1683 oppugnatrice

151 1703 205 1735 ita
231 1703 386 1735 inficere
414 1703 583 1741 conetur,
610 1702 663 1741 ut,
690 1701 763 1733 nisi
787 1702 933 1733 mature
958 1701 1190 1738 occurratur,
1217 1700 1297 1731 tota
1321 1698 1414 1730 haec
1439 1697 1554 1735 natio,
1581 1698 1619 1729 et
1644 1696 1792 1733 deinde,

153 1759 328 1800 serpente
345 1758 584 1800 contagione,
602 1757 779 1789 universa
800 1756 1008 1788 christiana
1029 1754 1245 1797 respublica
1260 1754 1299 1786 in
1317 1753 1607 1786 abominandum
1633 1751 1796 1784 schisma

153 1814 191 1846 et
218 1813 404 1846 bonorum
427 1822 575 1845 morum
598 1812 776 1854 pacisque
801 1821 843 1844 ac
866 1812 1018 1844 tandem
1043 1810 1303 1843 detestandam
1328 1809 1386 1841 sui
1409 1808 1618 1850 perniciem
1642 1806 1792 1848 prolap-

153 1877 242 1901 sura
258 1869 441 1901 videatur.
470 1868 720 1909 Quapropter,
747 1877 821 1899 non
845 1867 1035 1899 immerito
1061 1866 1269 1898 commotus
1298 1864 1557 1897 sanctissimus
1581 1863 1619 1894 in
1645 1862 1794 1895 Christo

153 1926 274 1965 pater,
294 1924 466 1956 dominus
484 1924 560 1956 Leo
577 1923 624 1961 X,
641 1924 901 1955 sacrosanctae
918 1922 1113 1954 Romanae
1131 1922 1169 1953 et
1186 1919 1410 1953 universalis
1429 1918 1611 1951 ecclesiae
1629 1926 1796 1949 summus

153 1979 337 2020 pontifex,
363 1979 410 2011 ad
434 1988 546 2019 quem
569 1979 683 2010 fidem
706 1977 932 2010 catholicam
956 1978 995 2010 et
1019 1976 1202 2010 ecclesiae
1226 1976 1463 2008 sacramenta
1485 1982 1619 2006 curare
1637 1973 1793 2013 spectat,

153 2034 388 2075 praedictum
413 2029 618 2066 Martinum
647 2042 668 2065 a
694 2033 881 2074 principio
906 2032 1114 2065 clementer
1137 2032 1176 2064 et
1198 2032 1357 2073 paterne
1388 2030 1534 2062 monuit
1558 2030 1596 2061 et
1624 2028 1796 2059 hortatus

154 2091 223 2127 est,
242 2090 284 2121 ut
307 2098 329 2121 a
351 2089 524 2122 nefandis
548 2088 766 2130 hujUsmodi
788 2088 948 2129 inceptis
978 2088 1178 2120 desisteret
1195 2087 1232 2119 et
1248 2086 1325 2128 J’am
1349 2094 1499 2127 sparsos
1517 2092 1667 2116 errores
1692 2091 1797 2114 revo-

155 2145 270 2177 caret.
301 2144 408 2182 Quod
436 2153 521 2176 cum
544 2143 609 2176 ille
638 2143 870 2186 neglexisset
894 2144 932 2176 et
954 2143 1088 2184 pejora
1112 2151 1261 2183 semper
1284 2141 1476 2182 prioribus
1503 2139 1670 2176 adderet,
1696 2138 1796 2169 idem

153 2199 394 2232 beatissimus
425 2200 534 2241 pater
568 2199 615 2231 ad
647 2200 860 2240 opportuna
891 2207 1013 2239 neque
1049 2200 1174 2231 tamen
1206 2197 1357 2229 insueta
1390 2195 1559 2228 remedia
1589 2193 1796 2235 procedere

155 2255 297 2287 statuit.
323 2255 467 2296 Itaque,
482 2254 695 2286 convocatis
718 2254 867 2296 saepius
883 2253 1210 2286 reverendissimis
1228 2253 1379 2284 sanctae
1402 2251 1597 2283 Romanae
1615 2247 1797 2281 ecclesiae

155 2309 428 2348 cardinalibus,
473 2309 660 2351 episcopis
704 2319 746 2341 30
789 2309 872 2342 31115
914 2308 1107 2350 praelatis,
1153 2317 1298 2340 necnon
1342 2306 1577 2348 regularium
1623 2303 1797 2335 ordinum

154 2366 345 2407 prioribus
375 2374 440 2398 seu
468 2365 652 2397 ministris
685 2364 939 2406 generalibus,
970 2364 1238 2404 accersitisque
1266 2362 1439 2404 pluribus
1464 2360 1622 2392 scientia
1653 2360 1691 2390 et
1714 2366 1798 2398 pro-

155 2421 273 2453 bitate
304 2420 584 2462 praestantibus
616 2420 707 2452 viris
739 2421 777 2452 et
818 2420 857 2452 in
893 2420 995 2452 omni
1035 2419 1292 2451 doctrinarum
1331 2419 1367 2449 et
1408 2416 1624 2457 linguarum
1657 2421 1798 2455 genere

157 2475 328 2514 eruditis,
345 2485 386 2508 ac
404 2475 637 2508 diversarum
655 2475 947 2508 christianarum
961 2475 1156 2507 nationum
1185 2473 1402 2506 doctoribus
1421 2473 1457 2503 et
1474 2469 1678 2512 magistris,
1693 2477 1799 2509 prae—

157 2531 256 2563 dicto
274 2532 399 2563 tamen
425 2530 589 2563 Martino
616 2530 722 2571 prius
750 2532 882 2563 vocato
915 2540 957 2563 ac
981 2531 1108 2568 citato,
1139 2539 1181 2562 ac
1208 2529 1247 2561 111
1283 2527 1519 2561 contumacia
1556 2524 1796 2566 persistente,

156 2586 275 2627 ipsius
307 2586 447 2628 scripta
478 2587 555 2618 tam
584 2585 803 2618 Alemanico
840 2595 951 2627 quam
987 2585 1120 2618 Latino
1157 2593 1331 2617 sermone
1364 2582 1465 2615 edita
1499 2582 1537 2614 et
1568 2579 1724 2616 edenda,
1758 2579 1800 2609 ut

156 2641 372 2683 perniciosa
406 2642 444 2674 et
478 2641 567 2673 fidei
598 2641 810 2682 unitatique
841 2641 1025 2674 ecclesiae
1056 2640 1260 2677 contraria,
1295 2637 1520 2671 auctoritate
1555 2644 1623 2668 sua
1653 2634 1800 2675 aposto-

156 2696 231 2729 lica
256 2697 589 2738 praetatorumque
617 2696 664 2729 ad
694 2696 766 2729 hoc
798 2697 1000 2729 accedente
1031 2694 1281 2728 cardinalium
1313 2692 1470 2726 consilio
1503 2692 1541 2724 et
1572 2698 1726 2723 assensu
1759 2697 1801 2720 ac

158 2752 423 2794 episcoporum
446 2752 486 2784 et
507 2750 766 2794 praelatorum
797 2752 1070 2792 doctorumque
1095 2752 1134 2783 et
1157 2750 1426 2792 magistrorum
1448 2749 1596 2779 matura
1620 2744 1802 2777 delibera-

158 2807 263 2840 tione
287 2807 478 2840 damnavit
500 2807 539 2839 et
561 2806 701 2848 ubique
724 2806 896 2840 locorum
919 2806 1177 2840 comburenda
1200 2812 1431 2847 prorsusque
1456 2801 1641 2835 abolenda
1656 2799 1803 2832 censuit

160 2863 199 2895 et
233 2862 411 2896 decrevit.
446 2861 652 2896 Martinum
685 2871 775 2896 vero
810 2863 948 2905 ipsum,
989 2861 1063 2894 nisi
1097 2861 1200 2894 infra
1233 2860 1378 2892 certum
1417 2865 1637 2900 expressum
1676 2853 1803 2887 termi-

161 2927 251 2952 num
281 2926 304 2951 a
330 2917 586 2960 publicatione
618 2917 761 2952 decreti
791 2917 1003 2953 sanctitatis
1036 2925 1138 2956 suae,
1172 2916 1317 2950 mutata
1347 2913 1546 2952 sententia,
1580 2920 1620 2944 se
1651 2917 1801 2943 errores

1684 3011 1704 3041 4
