2096 3481
341 283 400 315 182
1022 280 1157 313 ANNO
1184 280 1266 313 15:23

338 400 446 432 nimie
465 390 682 433 G11=11a1ligel
701 389 901 433 Wrouwe]=
923 390 983 421 dat
1001 399 1042 431 zy
1061 399 1127 422 eeu
1153 391 1232 422 aete
1258 391 1533 431 impetreerden
1559 400 1650 422 voor
1668 390 1761 423 tlant
1777 400 1846 423 van
1866 391 1955 424 1101-

337 444 408 476 lant
439 445 507 475 lwe
528 455 608 477 men
640 445 868 485 prm-ederen
897 445 1038 476 zouden
1066 445 1195 486 tegens
1228 445 1272 477 de
1301 445 1552 481 Lullwranen,
1579 444 1787 486 blyckende
1815 446 1862 487 by
1885 455 1954 478 een

335 500 439 539 copie
459 500 743 541 ‹lma-atszyiule,
776 498 918 531 weleke
938 499 985 531 M.
1018 499 1186 531 Cornelis
1204 499 1310 532 Hecu
1339 509 1406 541 zyn
1433 499 1566 532 saecke
1584 499 1698 541 altths
1716 501 1809 533 ande
1824 501 1953 533 stcden

335 555 699 587 rectuninendeerdc.

681 640 934 674 Stadsarchief
959 642 993 673 te
1010 641 1258 680 Anistewlam,
1278 639 1483 674 Protocolle
1499 651 1571 674 van
1588 641 1748 674 Andries
1770 641 1951 680 Jacobsz.‚

723 695 804 728 deel
822 695 850 734 Ι,
870 695 934 727 sol.
947 695 968 727 6
981 705 1100 728 verso.
1114 696 1226 729 —Zic
1238 696 1373 729 verder
1389 695 1453 729 het
1466 696 1552 728 stuk
1564 705 1634 729 van
1644 696 1665 729 9
1678 695 1838 730 October
1855 696 1950 730 1523.

1083 853 1193 896 128.

401 1008 538 1053 1523,
574 1003 738 1045 Μαανί
783 1006 840 1043 1-2
861 1001 937 1056 (ἓ),
982 999 1271 1056 Grom'nyen.
1300 995 1541 1038 Uittreksel
1586 996 1648 1040 uit
1691 995 1952 1041 Schoockius

330 1087 434 1116 over
452 1074 525 1116 het
542 1073 851 1128 twistgesprek
874 1072 1024 1113 aldaar
1042 1070 1268 1127 gehouden
1301 1069 1507 1113 tusschen
1546 1069 1598 1112 de
1635 1069 1951 1126 predikheeren

330 1156 382 1184 en
407 1142 458 1184 de
481 1140 1014 1196 hervormingsgezinden.

371 1234 475 1267 Inter
493 1234 611 1276 Belgij
631 1233 841 1275 provincias
859 1232 1029 1273 superest
1047 1232 1176 1264 civitas
1197 1231 1441 1273 Groningana
1464 1241 1547 1264 cum
1567 1230 1825 1265 Ommelandia
1840 1241 1953 1265 unam

328 1290 558 1331 provinciam
586 1289 829 1321 constituens.
849 1288 996 1319 Vixisse
1013 1286 1072 1318 hic
1090 1295 1267 1328 magnum
1294 1285 1400 1318 illum
1413 1285 1626 1318 Wcsselum
1651 1287 1870 1326 Gansvoort,
1889 1288 1953 1329 qui

328 1345 392 1376 lux
418 1345 546 1376 mundi
563 1344 683 1375 dictus
700 1343 782 1381 fuit,
803 1342 989 1383 superiori
1013 1342 1134 1382 capite
1159 1341 1401 1379 ostendimus,
1418 1341 1478 1382 quj
1499 1342 1538 1372 ut
1555 1350 1779 1382 praecursor
1795 1342 1953 1375 liutheri

328 1400 411 1440 Jure
429 1399 639 1439 meritoque
668 1397 793 1429 vocari
811 1398 945 1438 potest.
962 1396 1018 1428 Ita
1034 1395 1190 1436 reliquit
1206 1395 1328 1427 varies
1357 1395 1571 1436 discipulos,
1591 1396 1666 1436 qui,
1684 1395 1849 1429 Luthero
1876 1397 1953 1429 vix-

329 1455 414 1485 dum
451 1463 489 1485 se
536 1454 721 1490 movente,
760 1452 1006 1483 instituerunt
1050 1450 1266 1482 incumbere
1303 1450 1595 1491 proscribendae
1645 1449 1951 1484 antichristianae

328 1509 529 1550 tyrannidi.

368 1563 476 1595 Anno
496 1562 628 1594 1523111
648 1562 751 1603 fei-ijs
768 1561 835 1600 (uti
854 1562 930 1592 tum
944 1560 1222 1601 computabant)
1237 1559 1407 1602 Gregorij
1437 1560 1626 1602 pontificis
1651 1569 1673 1592 a
1704 1560 1949 1593 dominicanis

328 1618 404 1649 sive
422 1617 743 1658 praedicatoribus
762 1615 953 1647 monachis
971 1614 1216 1647 suffulciendo
1236 1615 1341 1655 quasi
1357 1615 1511 1656 papatui
1540 1615 1713 1647 instituta
1738 1615 1810 1647 fuit
1827 1615 1950 1657 dispu-

326 1673 415 1704 tatio
431 1683 438 1711 ;
466 1672 647 1713 praesidis
676 1674 781 1712 parte
811 1671 972 1703 obeunte
991 1670 1142 1702 doctore
1161 1671 1197 1702 et
1215 1670 1396 1711 magistro
1422 1671 1550 1701 nostro
1569 1669 1772 1715 Laurentio
1792 1670 1948 1702 Gronin-

325 1736 435 1769 gano,
462 1727 767 1768 respondentium
791 1735 879 1757 vero
904 1726 1021 1757 fratre
1039 1724 1233 1765 Ludolpho
1248 1724 1388 1756 lectore
1414 1726 1525 1764 atque
1542 1724 1740 1765 suppriore
1765 1724 1947 1764 Pittinck,

327 1782 460 1822 quibus
499 1781 720 1822 opponendo
749 1781 899 1812 fortiter
927 1782 964 1812 et
1006 1788 1162 1811 nervose
1189 1779 1411 1811 restiterunt
1438 1779 1675 1811 Hermannus
1702 1778 1944 1821 Aberingius,

327 1837 522 1876 utriusque
544 1836 639 1877 juris
664 1836 805 1873 doctor,
836 1835 1017 1876 magister
1045 1833 1258 1866 Gerhardus
1287 1833 1446 1865 Pistoris
1475 1842 1517 1865 ac
1543 1842 1633 1874 prae
1661 1833 1832 1865 omnibus
1864 1833 1947 1875 alijs

325 1891 506 1932 magister
534 1890 711 1924 Nic-olaus
740 1890 966 1930 Lesdorpius
991 1888 1289 1931 gymnasiarcha.
1324 1888 1465 1926 Quibus
1497 1887 1641 1920 occulte
1680 1887 1856 1920 favebant
1893 1889 1949 1929 (ut

325 1944 443 1984 liquet
460 1953 506 1976 ex
529 1945 762 1985 praefatione
795 1944 915 1975 dictae
941 1942 1204 1983 disputationis
1223 1942 1344 1974 editae
1362 1941 1533 1974 Basileae
1551 1950 1646 1973 anno
1666 1940 1761 1982 1523)
1777 1941 1943 1982 primarij

326 1999 428 2030 urbis
442 2001 610 2040 pastores
627 1998 851 2032 Willwlnius
868 1998 1100 2034 Fredericus,
1114 1997 1248 2028 artium
1266 1996 1478 2028 liberalium
1491 1996 1671 2038 magister
1685 2004 1726 2028 ac
1739 1995 1946 2029 medicinae

327 2054 467 2092 doctor,
488 2055 597 2094 atque
616 2054 795 2094 magister
812 2053 1023 2085 Everardus
1039 2051 1180 2093 Jargis,
1199 2050 1326 2092 legum
1341 2051 1483 2083 doctor.

672 2129 913 2167 Schoeckius,
936 2127 1043 2162 Liber
1066 2127 1110 2161 de
1135 2127 1238 2161 bonis
1253 2126 1362 2171 vuzyo
1381 2126 1627 2161 ecclesiasticis
1644 2126 1763 2169 dictis,
1778 2126 1848 2160 blz.
1867 2126 1942 2160 511.

1085 2287 1204 2331 129.

394 2437 532 2483 1523,
561 2431 726 2474 Maart
752 2435 828 2481 22,
852 2429 1106 2472 Mechelen.
1138 2425 1377 2469 Uittreksel
1403 2427 1467 2470 uit
1490 2440 1627 2469 eenen
1665 2439 1764 2468 zeer
1795 2426 1945 2469 ondui-

325 2503 513 2559 delijken
537 2501 650 2544 brief
669 2515 755 2545 van
779 2502 926 2543 Pieter
958 2500 1207 2557 Wyckman
1228 2514 1310 2542 aan
1334 2500 1537 2544 Erasmus
1575 2513 1678 2543 over·
1709 2500 1760 2542 de
1784 2513 1944 2555 gevan-

325 2572 543 2626 genschap
566 2584 650 2612 van
682 2569 911 2625 Grapheus
936 2583 988 2611 en
1012 2569 1155 2625 zijnen
1178 2568 1342 2623 collega
1365 2569 1580 2624 (Nicolaas
1613 2581 1697 2611 van
1735 2566 1768 2610 's
1786 2568 1942 2611 Herto-

325 2639 569 2695 genbosch‘?
597 2638 643 2681 of
661 2638 806 2680 Pieter
827 2638 889 2681 uit
912 2638 996 2680 den
1021 2638 1203 2680 Rooden
1226 2635 1465 2692 Schotel?).

367 2741 474 2772 Vives
488 2740 554 2772 tibi
571 2740 699 2776 reddo,
714 2741 824 2779 teque
842 2739 938 2771 seire
952 2738 1054 2770 hisce
1067 2737 1164 2775 volo,
1184 2738 1281 2778 quod
1297 2737 1512 2770 stimulante
1529 2738 1684 2770 caritate
1698 2738 1829 2776 fretus,
1845 2737 1944 2770 haud

324 2796 461 2835 absque
475 2794 575 2826 luctu
591 2794 747 2836 ingenti,
762 2793 885 2826 restiti
902 2793 939 2824 in
955 2792 1127 2833 Grapheo
1142 2802 1184 2825 ac
1197 2802 1264 2824 suo
1279 2792 1426 2834 collega
1439 2793 1535 2835 apud
1548 2792 1753 2825 cucullatos
1768 2792 1940 2830 detentis,

323 2849 463 2890 pluries
481 2860 501 2881 a
518 2850 696 2881 fratribus
713 2850 876 2889 putatus,
896 2848 985 2888 quin
998 2856 1066 2888 per·
1079 2847 1272 2880 consulem
1290 2848 1474 2888 quendam
1492 2848 1528 2880 in
1542 2847 1805 2880 liberationem
1821 2846 1942 2879 dictae

325 2903 491 2945 collegae
509 2903 733 2940 stimulatus,
764 2905 867 2935 taceo
901 2902 1084 2939 detentos,
1118 2901 1175 2934 vel
1204 2901 1328 2934 locum
1351 2902 1474 2944 ipsum
1498 2903 1657 2944 (sincere
1682 2910 1795 2945 agere
1812 2900 1940 2935 volens

326 2967 525 3000 ansamque
540 2959 688 2991 auferre
707 2957 867 2999 omnem)
884 2956 1083 2999 aliquando
1101 2956 1305 2990 inviserim.
