2096 3481
352 327 414 360 404
1045 325 1182 359 ANNO
1209 325 1293 359 1225

1102 525 1222 571 376.

412 686 550 733 1525,
589 679 857 736 September
897 685 971 732 14,
1011 682 1170 724 Rome.
1215 679 1351 721 Breve
1385 691 1469 720 van
1509 691 1615 733 paus
1655 678 1854 723 Clemens
1890 679 1974 723 VII

341 768 421 796 aan
447 755 602 809 hertog
625 753 758 795 Karel
784 766 866 794 van
890 752 1049 795 Gel·ler
1081 767 1185 796 over
1219 767 1324 795 eene
1358 752 1640 809 overtreding
1669 766 1751 795 van
1776 752 1827 795 de
1851 766 1974 808 gees-

340 822 488 879 telijke
507 822 790 864 voorrechten
812 821 917 864 door
934 822 1077 878 zijnen
1097 822 1319 865 drossaart
1337 821 1413 864 der
1432 822 1630 872 Veluwe,
1653 822 1844 877 hetgeen
1864 835 1974 865 naar

339 890 608 934 Luthersche
631 889 806 946 ketterij
841 894 1039 934 zweemt.
1066 916 1124 923 —
1147 892 1206 934 De
1237 904 1344 946 paus
1378 894 1478 946 zegt
1509 905 1595 933 van
1629 890 1773 947 ziJ'nen
1807 891 1972 934 notaris

337 961 420 1004 Jan
443 959 763 1015 Ingentomkell
783 958 898 1017 (sio),
923 963 1070 1015 proost
1094 960 1171 1002 der
1192 958 1594 1003 St-Lebuinuskerk
1616 963 1660 1003 te
1679 960 1897 1002 Deventer
1919 973 1970 1002 en

338 1043 396 1071 nu
429 1032 472 1072 te
496 1030 631 1071 Rome
654 1027 967 1085 verblijvende,
996 1042 1233 1072 vernomen
1258 1032 1301 1072 te
1334 1027 1520 1081 hebben,
1557 1028 1632 1072 dat
1665 1028 1717 1071 de
1749 1028 1970 1072 drossaart

337 1098 414 1141 der
435 1098 619 1141 Veluwe
643 1101 773 1153 tegen
798 1098 881 1140 alle
904 1097 1121 1154 kerkeliJ'k
1139 1098 1264 1141 recht
1283 1098 1434 1153 eenige
1456 1097 1721 1154 bezittingen
1745 1097 1838 1140 dier
1858 1096 1969 1140 kerk

335 1181 417 1210 aan
441 1167 524 1209 den
547 1170 694 1222 proost
719 1167 894 1209 betwist
918 1180 971 1209 en
994 1168 1093 1209 hem
1116 1165 1223 1210 voor
1245 1167 1339 1209 zich
1368 1166 1489 1210 heeft
1512 1166 1707 1223 gedaagd
1731 1165 1891 1209 binnen
1915 1166 1969 1210 de

335 1250 404 1279 zes
438 1235 611 1279 weken.
652 1235 766 1278 over
798 1235 895 1287 iets,
934 1237 1008 1279 dat
1040 1250 1115 1279 zoo
1155 1236 1363 1293 duidelijk
1406 1250 1515 1278 naar
1554 1235 1754 1279 Luther’s
1787 1235 1966 1292 ketterij

334 1305 517 1355 smaakt,
545 1304 713 1361 betuigt
737 1305 930 1361 de-paus
961 1305 1075 1362 zijne
1098 1305 1549 1361 verontwaardiging‚
1576 1308 1619 1348 te
1644 1318 1761 1347 meer
1783 1304 1889 1348 daar
1915 1304 1968 1347 de

332 1374 490 1429 hertog
522 1374 621 1417 hem
653 1374 979 1431 herhaardelijk
1011 1375 1281 1430 geschreven
1314 1374 1450 1426 heeft,
1488 1374 1563 1417 dat
1595 1373 1655 1431 hij
1696 1377 1826 1429 tegen
1863 1374 1967 1417 deze

333 1443 508 1500 ketterij
545 1443 831 1499 krachtdadig
864 1443 1010 1500 ijvert.
1038 1445 1220 1487 Daarom
1254 1444 1423 1487 beveelt
1456 1444 1555 1487 hem
1579 1444 1630 1487 de
1653 1457 1775 1499 paus,
1803 1443 1877 1487 dat
1899 1443 1960 1501 hij

333 1513 385 1555 de
423 1512 736 1568 vervolgingen
776 1526 860 1555 van
899 1512 981 1554 den
1016 1512 1239 1556 drossaart
1276 1528 1330 1556 en
1368 1514 1482 1571 zijne
1520 1513 1854 1569 ambtgenooten
1887 1526 1966 1555 zou

331 1582 437 1625 doen
463 1581 618 1625 staken
641 1595 693 1623 en
727 1581 820 1624 zich
852 1581 976 1624 aldus
1009 1583 1073 1625 als
1108 1597 1187 1626 een
1206 1583 1305 1626 echt
1328 1582 1553 1627 katholiek
1577 1584 1701 1626 vorst
1723 1582 1961 1639 gedragen.

893 1708 1064 1743 Clemens
1089 1718 1186 1752 papa
1211 1710 1406 1752 septimus.

389 1764 535 1799 Dilecto
554 1763 631 1797 filio
651 1763 769 1797 nobili
786 1763 866 1797 viro
887 1764 1033 1803 Carolo,
1054 1765 1138 1798 duci
1157 1765 1284 1798 Gelrie
1303 1767 1340 1799 et
1355 1766 1377 1799 J
1382 1765 1457 1799 ulie
1476 1774 1518 1798 ac
1535 1763 1664 1798 comiti
1683 1763 1901 1807 Sutphanie.

373 1866 518 1900 Dilecte
533 1867 601 1909 fili,
620 1866 780 1900 salutem
798 1868 835 1901 et
852 1865 1099 1909 apostolicam
1115 1865 1431 1899 benedictionem.

373 1921 606 1963 Conquestus
632 1924 689 1956 est
712 1923 820 1955 nobis
839 1922 998 1955 dilectus
1017 1921 1117 1954 filius
1137 1920 1319 1964 magister
1335 1921 1530 1954 Johannes
1548 1921 1843 1965 IngentomReH,
1860 1922 1959 1957 litte-

327 1985 455 2009 rarum
480 1977 773 2020 apostolicarum
799 1978 844 2011 de
868 1977 1001 2010 maiori
1019 1977 1253 2018 presidentia
1270 1976 1523 2016 abbreviator,
1543 1978 1725 2016 notarius,
1745 1979 1907 2020 scriptor
1923 1979 1961 2011 et

326 2032 524 2065 familiaris
543 2034 684 2071 noster,
705 2034 816 2074 quod,
844 2032 935 2066 lieet
952 2033 1032 2074 ipse
1050 2032 1088 2064 in
1106 2032 1279 2065 Romana
1303 2032 1408 2064 curia
1431 2041 1589 2074 presens
1614 2033 1752 2066 existat
1775 2034 1813 2066 et
1837 2033 1960 2066 officia

326 2096 394 2119 sua
410 2087 609 2121 actualiter
627 2089 803 2121 exerceat
827 2098 869 2121 ac
894 2088 986 2121 alias
1010 2087 1117 2120 nobis
1142 2088 1180 2119 in
1206 2088 1345 2120 nostris
1371 2088 1408 2120 et
1432 2087 1544 2129 hujus
1570 2089 1698 2121 sancte
1722 2088 1822 2121 sedis
1847 2088 1956 2122 obse-

324 2143 420 2184 quijs
445 2143 621 2176 continuo
639 2144 800 2182 insistat,
828 2153 974 2176 necnon
993 2142 1180 2184 explorati
1198 2142 1291 2175 iuris
1310 2143 1370 2181 sit,
1391 2143 1490 2183 quod
1507 2142 1671 2176 clericus
1689 2152 1815 2176 coram
1832 2143 1957 2176 iudice

325 2197 487 2231 seculari
519 2208 633 2241 super
664 2199 773 2232 bonis
801 2200 840 2232 et
866 2199 980 2233 rebus
1008 2198 1276 2231 ecclesiasticis
1305 2199 1351 2231 ad
1375 2198 1560 2240 judicium
1586 2199 1726 2232 invitus
1753 2199 1854 2232 trahi
1881 2209 1957 2233 non

323 2254 441 2294 possit
458 2263 578 2295 neque
596 2254 741 2293 debeat,
758 2264 800 2287 ac
818 2264 885 2287 nos
900 2263 1021 2296 nuper
1033 2254 1071 2286 in
1084 2253 1200 2291 bulla,
1217 2262 1312 2294 quae
1326 2253 1425 2286 lecta
1437 2254 1510 2286 fuit
1522 2254 1561 2286 in
1581 2254 1640 2286 die
1658 2253 1775 2288 Cenae
1787 2253 1959 2292 Domini,

323 2310 772 2342 excommunicaverimus
799 2311 836 2342 et
860 2309 1273 2342 anatematizaverimus
1291 2318 1421 2342 omnes
1441 2308 1620 2341 officiales
1637 2318 1772 2351 regum
1796 2310 1834 2342 et
1849 2309 1956 2351 prin-

323 2363 459 2405 cipum,
480 2365 543 2405 qui
560 2374 605 2397 ex
623 2374 753 2397 eorum
772 2365 904 2397 officiis
922 2364 982 2402 vel
1002 2364 1048 2396 ad
1064 2363 1283 2396 instantiam
1309 2373 1619 2405 quorumcunque
1636 2373 1818 2405 personas
1836 2364 1953 2398 eccle-

323 2418 491 2452 siasticas
522 2429 649 2452 coram
677 2429 717 2453 se
745 2420 791 2453 ad
820 2429 951 2453 eorum
984 2418 1148 2452 tribunal
1182 2419 1339 2452 trahunt
1367 2429 1410 2452 ac
1437 2420 1591 2460 praeter
1618 2419 1714 2460 juris
1746 2419 1954 2452 communis

322 2474 606 2515 dispositionem
630 2475 730 2507 trahi
754 2475 899 2508 faciunt
923 2474 981 2508 vel
1006 2476 1224 2516 procurant,
1252 2475 1362 2515 quive
1386 2483 1455 2516 per
1479 2483 1518 2507 se
1543 2473 1601 2507 vel
1626 2474 1741 2507 alium
1770 2484 1835 2508 seu
1859 2474 1953 2508 alios

321 2528 462 2562 directe
490 2529 547 2562 vel
579 2530 775 2568 indirecte,
803 2530 871 2563 sub
904 2539 1128 2571 quocunque
1154 2529 1265 2562 titulo
1299 2530 1336 2562 et
1360 2529 1500 2568 colore,
1526 2530 1685 2566 fructus,
1712 2530 1883 2563 redditus
1915 2531 1953 2563 et

320 2586 525 2624 proventus
548 2585 821 2618 beneficiorum
850 2585 1193 2618 ecelesiasticorum
1221 2589 1290 2626 per
1317 2594 1500 2626 personas
1525 2584 1798 2618 ecclesiasticas
1823 2585 1951 2618 obten-

321 2640 444 2671 torum
461 2640 695 2681 pertinentes
713 2642 898 2682 usurpant
914 2640 972 2673 vel
992 2640 1180 2682 arripiunt
1204 2649 1269 2672 seu
1297 2640 1427 2680 quavis
1453 2640 1650 2673 occasione
1667 2639 1725 2673 vel
1742 2649 1855 2673 causa
1870 2641 1951 2674 sine

319 2693 481 2727 Romani
512 2696 700 2736 pontificis
734 2695 889 2728 licentia
921 2696 1174 2736 sequestrant,
1208 2694 1266 2728 vel
1301 2695 1444 2728 directe
1476 2694 1535 2728 vel
1566 2695 1751 2728 indirecte
1781 2696 1952 2738 predicta

321 2750 456 2789 exequi
474 2752 537 2782 aut
552 2759 758 2792 procurare
777 2752 841 2783 aut
857 2751 895 2783 in
920 2751 1063 2783 eisdem
1087 2749 1300 2790 consilium,
1321 2749 1504 2783 auxilium
1519 2749 1578 2783 vel
1595 2751 1763 2784 favorem
1779 2751 1950 2793 prestare

321 2813 394 2835 non
412 2807 607 2846 verentur;

363 2858 618 2893 Nihilominus
643 2862 767 2893 certus
795 2860 966 2894 officialis
984 2860 1193 2894 nobilitatis
1210 2862 1309 2900 tuae,
1329 2861 1564 2903 nuncupatus
1590 2861 1782 2895 drossatus
1804 2861 1841 2895 in
1866 2871 1949 2904 par-

320 2913 420 2946 tibus
437 2914 589 2954 Veluae,
609 2914 791 2948 nonnulla
806 2917 906 2949 bona
926 2916 971 2949 ad
987 2916 1268 2958 preposituram
1287 2916 1470 2950 ecelesiae
1487 2915 1607 2948 sancti
1623 2917 1781 2949 Lebuini
1805 2917 1948 2951 Daven-

319 2968 484 3007 triensis,
501 2969 753 3011 Trajectensis
771 2971 944 3011 diocesis,
961 2980 1072 3012 quam
1085 2972 1166 3014 ipse
1179 2971 1202 3005 J
1206 2972 1374 3005 ohannes
1392 2971 1572 3005 canonice
1590 2971 1746 3011 obtinet,
1760 2971 1947 3015 legittime

320 3023 538 3065 spectantia,
557 3024 594 3056 in
613 3034 771 3065 quorum
795 3026 1035 3067 possessione
1059 3026 1218 3068 pacifica
1236 3027 1274 3060 et
1290 3026 1419 3068 quieta
1439 3026 1521 3068 ipse
1544 3025 1739 3060 Johannes
1763 3027 1802 3060 et
1824 3027 1882 3060 sui
1905 3027 1945 3061 in
