2096 3481
543 688 1276 764 AANHANGSEL.

243 842 578 883 NAGEKOMEN
611 843 745 884 STUK
773 844 1083 886 HIERBOVEN
1110 846 1171 886 IN
1198 847 1263 886 ΤΕ
1291 847 1567 888 LASSCHEN.

755 1205 853 1249 391
888 1199 1056 1263 (olbis).

164 1340 305 1387 1522,
333 1335 551 1379 Januarz·
587 1341 659 1387 10,
693 1336 904 1379 Brussel.
943 1333 1064 1376 Brief
1091 1347 1174 1377 van
1208 1333 1289 1377 den
1327 1333 1554 1376 kanunnik
1586 1334 1722 1378 David

91 1420 174 1450 aan
198 1408 423 1458 Erasmus,
449 1408 616 1450 waarin
649 1407 710 1464 hij
747 1408 975 1458 vermeldt,
1008 1407 1080 1451 dat
1110 1407 1390 1464 Praepositus
1414 1421 1522 1450 naar
1545 1409 1721 1451 Brussel

92 1476 300 1533 gebracht
339 1476 391 1526 is,
418 1490 472 1519 en
508 1477 595 1527 dat,
638 1490 746 1520 naar
779 1477 853 1520 het
887 1476 1071 1532 gerueht
1104 1477 1239 1534 loopt,
1277 1477 1328 1519 de
1359 1476 1722 1521 kettermeesters

92 1545 218 1589 reeds
241 1552 327 1588 met
350 1545 448 1588 hem
474 1546 757 1601 geredetwist
789 1545 955 1589 hebben
990 1559 1042 1587 en
1078 1545 1175 1588 hem
1210 1546 1412 1589 trachten
1444 1548 1510 1590 tot
1544 1547 1724 1590 herroe-

92 1614 196 1671 ping
219 1622 260 1658 te
284 1615 538 1658 overhalen.

209 1717 280 1757 Qui
305 1719 406 1756 tunc,
431 1720 473 1752 ut
497 1719 605 1756 dixit,
630 1719 734 1752 venit
758 1717 970 1757 Brueras,
989 1718 1178 1751 invisurus
1203 1718 1395 1751 dominum
1412 1718 1579 1760 priorem
1596 1727 1722 1752 mona-

89 1774 197 1808 sterii
215 1774 342 1808 Sancti
359 1775 563 1817 Augustini
588 1775 716 1816 oppidi
740 1774 1041 1816 Antuerpiensis.
1065 1773 1135 1811 Qui
1161 1774 1312 1815 quidem
1336 1775 1452 1815 prior,
1479 1774 1583 1806 iussu
1602 1774 1722 1816 Impe-

88 1830 240 1869 ratoris,
271 1831 309 1862 vt
336 1830 543 1867 ferebatur,
573 1839 620 1862 ex
647 1829 857 1871 Antuerpia
889 1831 970 1862 erat
1003 1830 1185 1862 adductus
1218 1829 1431 1867 BruxellaS,
1465 1831 1502 1862 et
1533 1838 1600 1871 pro
1633 1831 1721 1862 tunc

88 1885 264 1924 habebat,
291 1888 405 1927 prout
429 1894 494 1918 ore
521 1885 699 1926 Deputati
724 1885 918 1923 habemus,
945 1894 1013 1926 pro
1039 1893 1191 1917 carcere
1216 1885 1367 1917 domum
1393 1886 1462 1917 Dei
1486 1886 1646 1918 fratrum
1677 1886 1721 1918 de

89 1940 291 1974 Nazareth.
325 1939 378 1973 Ob
409 1950 520 1981 quam
551 1949 734 1982 caussam,
765 1942 829 1973 aut
861 1941 950 1981 quid
984 1940 1128 1983 negotii
1160 1942 1343 1973 tractetur
1374 1950 1457 1972 cum
1489 1950 1546 1978 eo,
1581 1941 1721 1973 nescio.

88 1996 230 2030 Audiui
258 1997 384 2029 tamen
412 1996 716 2038 Egmondanum,
746 1995 970 2028 Lathomum
996 1997 1033 2028 ot
1057 1995 1150 2027 alios
1180 1996 1360 2036 quosdam
1391 1996 1566 2028 habuisse
1599 1996 1722 2037 dispu-

89 2052 252 2085 tationes
291 2061 375 2084 eum
415 2052 562 2091 eodem,
603 2052 641 2084 et
675 2051 783 2084 breui
818 2059 988 2083 caussam
1023 2051 1106 2083 sore
1144 2051 1400 2083 decidendam.
1434 2050 1577 2084 Ferunt
1608 2052 1721 2084 etiam

88 2107 274 2146 nonnulli,
301 2106 428 2148 aliqua
451 2115 520 2148 per
545 2107 707 2140 eundem
723 2106 890 2149 priorem
908 2107 991 2139 fore
1014 2107 1268 2144 retractanda,
1294 2115 1390 2148 quae
1413 2107 1452 2140 in
1476 2107 1720 2140 concionibus

86 2168 336 2212 praedicauit,
352 2166 467 2202 rel....

438 2253 643 2296 Burscher‚
661 2254 916 2300 Spicileyium,
936 2254 1072 2295 XXVI,
1091 2254 1163 2289 blz.
1180 2263 1266 2289 rv-v.
