2096 3481
842 187 908 221 AN
914 186 979 221 ΝΟ
1006 185 1090 219 1525
1724 187 1788 220 400

147 301 299 345 phantis
316 299 422 338 fides,
448 299 784 341 comprehenditur
801 308 886 332 cum
911 309 978 332 suo
1004 302 1165 342 quodam
1191 300 1388 343 symmista
1405 298 1593 331 Pistorius
1620 297 1664 330 ab
1691 298 1788 330 arcis

148 355 370 390 Wordensis
395 355 602 396 praefecto.
631 354 723 387 Cum
748 362 837 387 vero
864 356 1084 396 adversarii,
1107 356 1245 388 civium
1263 355 1319 397 (ut
1335 355 1519 395 creditur)
1537 354 1639 386 metu
1663 353 1788 391 fracti,

149 412 291 445 crimen
316 410 520 443 haereseos
545 410 702 452 captivis
727 411 918 444 intentare
943 412 1252 453 supersederent,
1272 411 1384 451 idque
1403 419 1447 443 co
1465 409 1561 447 loco,
1581 408 1644 441 ubi
1662 417 1791 441 rerum

149 477 223 500 non
243 467 296 499 ita
310 466 539 508 potirentur,
567 466 706 503 evenit,
733 467 785 505 ut,
813 476 897 499 cum
923 467 1020 500 alter
1038 467 1103 500 ille
1122 466 1341 508 dysenteria
1358 465 1561 503 laboraret,
1582 464 1643 496 hic
1661 464 1791 496 noster

147 522 360 556 Wordenas
378 529 532 554 earcere
550 529 699 562 quoquc
718 531 797 560 suo,
819 522 865 553 ob
885 523 1006 554 morbi
1024 523 1257 564 contagium,
1277 522 1341 553 sed
1361 521 1448 553 <lata
1466 520 1538 552 tide
1558 520 1603 552 de
1621 519 1788 552 sistendo

148 578 302 615 iudicio,
337 577 582 610 eximeretur.
618 576 883 610 Traiectenses
921 577 1102 611 officiales
1139 577 1311 610 dolentes
1351 576 1451 609 hunc
1488 575 1617 608 bolum
1653 585 1673 608 e
1714 576 1791 607 suis

147 634 318 667 faucibus
342 633 527 673 ereptum,
554 632 779 674 gravissima
807 642 875 665 sua
898 633 1210 666 interminatione
1229 642 1273 665 co
1293 632 1504 674 adegerunt
1529 632 1731 672 utrunque,
1752 631 1793 662 ut

148 688 364 722 ultroneum
381 687 538 720 exilium
556 689 810 729 capesserent.
832 688 1041 721 Ecclesiam
1059 698 1151 730 ergo
1170 688 1528 730 XVitenbergensem
1554 687 1591 718 in
1617 686 1794 719 Saxoniis

147 744 299 786 pietatis
317 743 441 776 studio
460 743 597 784 visunt3
618 743 678 775 cui
694 744 924 784 profectioni
945 744 1126 777 trimestri
1151 744 1356 785 insumpto,
1376 743 1413 775 in
1432 742 1594 784 patriam
1618 742 1792 774 redeunt.

149 800 256 838 Quod
285 799 348 831 ubi
377 799 614 840 compertum
642 800 743 832 esset
769 799 1010 841 Trajectinis,
1038 800 1083 832 ad
1110 798 1329 831 diluendum
1354 798 1554 831 haereseos
1583 797 1726 830 crimen
1755 797 1793 829 in

148 856 207 887 ius
223 855 362 887 iterum
379 854 547 887 vocatur.
567 853 735 887 Tandem
752 854 913 887 Romam
932 855 1036 887 adire
1061 855 1099 887 et
1124 855 1202 886 toto
1222 854 1386 887 triennio
1404 853 1521 886 natali
1539 853 1618 885 solo
1637 852 1793 885 exulare

148 910 340 943 iubentur.
356 909 471 952 Cujus
489 909 701 942 sententiae
719 910 960 951 iniquitatem
978 910 1218 942 abominatus
1233 909 1434 947 pistorius,
1450 918 1496 941 ne
1510 908 1627 941 latum
1642 908 1794 948 quidem

148 966 284 1008 pedem
303 964 481 1007 oppidulo
501 965 687 998 excedere
705 965 896 1004 sustinuit,
914 966 1060 998 tantum
1078 966 1183 998 abest
1201 966 1242 997 ut
1258 966 1444 1006 imperata
1459 964 1608 997 fecerit.
1624 963 1721 996 Hinc
1739 964 1795 996 ira

148 1020 267 1054 multo
281 1020 457 1063 graviore
470 1020 631 1061 praeciti
650 1021 870 1063 adversarij,
885 1022 1184 1062 praesentaneae
1202 1021 1285 1053 neci
1304 1020 1495 1052 destinant
1507 1019 1793 1057 XVordenatem,

150 1076 270 1110 sicubi
288 1085 374 1109 eum
391 1076 492 1108 intra
510 1085 601 1108 suae
619 1076 774 1108 ditionis
792 1076 964 1118 pomeria
988 1076 1192 1109 offendant.
1221 1076 1341 1108 Datur
1365 1076 1403 1107 id
1428 1075 1574 1117 negocij
1602 1075 1797 1116 praefecto

150 1132 331 1173 equitum,
352 1132 393 1163 ut
417 1131 493 1163 tam
517 1130 699 1164 rebellem
725 1140 768 1164 ac
792 1133 1053 1164 contumacem
1071 1131 1265 1164 hominem
1283 1130 1600 1172 comprehensum
1619 1130 1794 1162 Traiecto

149 1187 301 1220 inferat.

194 1243 347 1276 Interea
377 1242 591 1275 XVordenas
624 1243 754 1275 noster
786 1252 806 1275 a
838 1243 982 1276 ditione
1017 1241 1285 1286 T[rjaiectensi
1317 1242 1524 1281 abstinens,
1558 1243 1675 1274 totam
1708 1241 1797 1274 Hol-

151 1298 318 1332 landiam
341 1298 536 1340 peragrat,
562 1298 701 1330 fratres
727 1298 764 1331 et
789 1298 968 1331 ecclesias
994 1299 1032 1331 in
1057 1299 1219 1331 Domino
1245 1299 1393 1330 coactas
1417 1298 1558 1339 passim
1583 1298 1794 1329 confirmat.

151 1353 268 1392 Quid?
297 1363 408 1395 quam
436 1362 497 1386 me
526 1362 675 1394 quoquc
704 1363 779 1386 una
802 1363 887 1386 cum
913 1353 1088 1388 Cornelio
1115 1354 1240 1386 Honio
1267 1352 1536 1386 iurisconsulto
1563 1353 1794 1392 doctissimo,

149 1409 400 1443 monachismi
424 1418 446 1441 a
468 1417 528 1441 me
553 1410 738 1442 confutati
764 1419 856 1452 ergo
883 1410 1084 1451 captivum,
1105 1409 1272 1442 officiose
1291 1409 1492 1441 admodum
1511 1409 1609 1450 apud
1627 1408 1796 1450 Delphos

151 1465 372 1499 haerentem
390 1464 519 1496 invisit
533 1474 539 1496 :
554 1465 592 1497 et
608 1474 789 1508 magnum
801 1466 954 1507 pietatis
969 1465 1160 1507 specimen
1175 1465 1283 1497 nobis
1297 1464 1586 1497 commentando
1604 1465 1798 1505 praebuit?

153 1521 203 1555 Ut
218 1530 307 1554 vero
333 1520 431 1561 quod
455 1520 621 1558 doceret,
649 1521 763 1553 etiam
780 1530 821 1553 re
846 1521 1071 1562 praestaret,
1092 1521 1150 1552 vir
1166 1520 1287 1553 bonus
1313 1520 1428 1562 (quod
1452 1520 1535 1552 istis
1563 1519 1799 1553 haereticum

151 1576 339 1618 habetur),
355 1576 532 1608 sacerdos
547 1585 631 1608 cum
645 1577 758 1613 esset,
773 1585 932 1609 uxorem
950 1577 1069 1608 duxit.
1086 1575 1168 1614 Qua
1184 1576 1306 1614 ducta,
1322 1576 1493 1617 perrexit
1507 1576 1545 1608 et
1562 1584 1583 1607 a
1596 1575 1798 1607 missarum

152 1632 269 1665 sacris
287 1631 466 1664 contente
485 1631 666 1663 abstinuit
686 1641 693 1664 :
721 1632 941 1672 ordinisque
959 1632 1017 1664 sui
1036 1632 1209 1664 desertor
1232 1632 1368 1669 factus,
1387 1631 1522 1672 capitis
1541 1631 1598 1663 sui
1616 1631 1798 1664 verticem

153 1687 298 1719 tonsori
321 1686 531 1719 radendum
556 1687 745 1728 subjicere
772 1687 1007 1720 detrectavit.
1029 1686 1126 1725 Quin
1153 1695 1288 1728 operas
1312 1695 1462 1727 quoque
1487 1685 1645 1719 serviles
1670 1685 1799 1718 subire

152 1752 270 1775 novus
286 1743 446 1775 maritus
460 1743 615 1775 minime
632 1743 840 1784 recusavit3
856 1743 967 1775 modo
983 1743 1083 1776 enim
1100 1742 1281 1784 pistorem
1300 1743 1449 1785 agebat,
1468 1743 1579 1775 modo
1596 1744 1796 1780 fossorem,

151 1798 262 1830 modo
291 1797 476 1837 calonem,
506 1799 547 1831 ut
575 1799 712 1839 cuique
740 1807 808 1832 sua
837 1807 954 1840 opera
977 1808 1071 1840 opus
1101 1799 1195 1831 erat.
1227 1798 1351 1831 Taceo
1381 1799 1481 1839 quod
1510 1799 1615 1831 verbi
1646 1798 1800 1831 interim

151 1854 354 1896 negocium
373 1854 649 1887 domesticatim
668 1854 856 1893 tractavit,
876 1853 1097 1896 Evangelici
1115 1854 1315 1895 praeconis
1332 1863 1467 1886 munus
1486 1853 1617 1887 sedulo
1636 1854 1767 1887 obiens
1787 1865 1794 1887 :

151 1909 244 1942 adeo
262 1908 320 1941 illi
336 1909 474 1952 religio
499 1910 572 1942 fuit
597 1910 746 1950 tempus
773 1910 856 1941 ocio
883 1909 961 1942 ullo
988 1918 1222 1942 consumere.
1249 1910 1341 1942 Cum
1360 1910 1404 1950 ijs
1430 1919 1525 1950 quae
1551 1910 1642 1947 dixi,
1662 1910 1796 1952 studijS

150 1965 269 1997 bonas
294 1964 408 1997 horas
435 1975 509 1997 non
535 1964 633 1998 male
659 1965 844 2008 exigeret,
872 1965 999 1998 evenit
1026 1966 1067 1997 ut
1093 1965 1289 1998 Romanus
1319 1965 1499 1998 Pontifex
1530 1966 1691 2003 nutanti,
1722 1966 1797 1998 imo

152 2019 386 2062 lapsabundo
412 2030 479 2053 suo
504 2030 625 2063 regno
651 2021 874 2053 commentis
900 2029 995 2053 nove
1019 2020 1267 2063 indulgentijs
1292 2019 1348 2064 (ut
1364 2022 1512 2062 vocant)
1533 2022 1796 2054 succurreret:

153 2077 195 2108 ut
219 2084 314 2116 quae
339 2076 415 2108 iam
440 2086 514 2108 non
539 2076 775 2113 venirentur,
798 2076 896 2116 quod
915 2076 1050 2112 solent,
1070 2076 1135 2108 sed
1153 2077 1320 2118 gratuito
1338 2077 1491 2118 praeter
1508 2086 1653 2109 morem
1671 2077 1798 2109 obtru-

157 2131 339 2164 derentur
369 2131 653 2173 poenitentibus
690 2133 727 2164 et
766 2131 1030 2164 Eucharistiae
1071 2140 1178 2164 sacra
1215 2132 1560 2172 frequentantibus.
1602 2132 1679 2165 Eae
1717 2142 1801 2164 cum

154 2186 337 2219 VVordam
363 2186 583 2228 oppidulum
615 2186 745 2220 illatae
774 2186 1036 2229 vulgarentur,
1063 2187 1198 2228 ijsdem
1230 2196 1313 2220 sese
1347 2188 1523 2228 opposuit
1558 2187 1620 2219 hic
1655 2188 1800 2230 martyr

155 2243 296 2280 noster,
315 2251 385 2275 ceu
402 2251 532 2274 murus
552 2242 704 2283 quidam
721 2251 790 2284 pro
809 2242 919 2274 domo
938 2241 1105 2274 Israelis.
1125 2241 1272 2284 Quippe
1291 2243 1331 2274 ut
1348 2242 1529 2275 sathanae
1547 2243 1800 2285 cogitationes

155 2298 270 2330 etiam
293 2298 513 2340 perspectas
538 2298 610 2330 sibi
636 2298 798 2330 habebat
816 2298 873 2330 vir
889 2298 987 2339 pius,
1006 2298 1059 2329 ita
1075 2297 1311 2330 Antechristi
1328 2297 1483 2331 consilia
1510 2300 1546 2331 ct
1570 2299 1799 2340 imposturas

154 2352 267 2386 facile
296 2353 511 2386 olfaciebat.
545 2353 644 2385 Hinc
678 2354 770 2385 adeo
798 2353 933 2386 reiecit
967 2362 1007 2385 se
1035 2353 1074 2384 in
1106 2353 1239 2385 cellam
1269 2354 1607 2386 consessionariam
1637 2354 1672 2386 et
1704 2354 1799 2395 ipse.

157 2408 229 2441 Hic
261 2407 340 2446 ille,
371 2409 419 2450 dij
451 2409 554 2446 boni,
587 2410 727 2449 quanto
757 2418 841 2441 cum
873 2409 1023 2441 fervore
1056 2409 1172 2440 animi
1200 2409 1525 2452 indulgentiarum
1556 2409 1732 2451 strophas
1764 2411 1802 2442 et

155 2463 262 2496 dolos
298 2465 429 2506 aperte
469 2464 649 2506 prodidit.
692 2464 852 2501 Etenim,
895 2466 935 2496 ut
976 2472 1087 2504 quam
1126 2464 1301 2506 plurimis
1342 2465 1657 2497 nundinationem
1696 2464 1801 2497 illam

155 2528 310 2553 exosam
326 2519 518 2557 redderet,
537 2520 758 2561 pariterque
777 2520 822 2552 ab
841 2519 1168 2562 indulgentiarum
1192 2520 1404 2562 impostura
1432 2519 1573 2552 multos
1590 2522 1800 2559 revocaret,

158 2574 302 2608 nullam
331 2584 421 2608 sane
451 2575 587 2617 stipem
617 2585 636 2609 e
665 2575 968 2608 confessionibus
997 2574 1072 2607 illis
1105 2576 1220 2617 (quod
1251 2575 1386 2618 vulgus
1419 2576 1658 2608 sacerdotum
1691 2575 1801 2618 solet)

157 2630 356 2673 colligens,
390 2631 428 2663 id
462 2632 572 2664 unice
605 2632 750 2664 studuit
782 2632 822 2664 ut
850 2631 1002 2672 pietatis
1036 2632 1073 2664 et
1101 2630 1331 2664 christianae
1361 2632 1554 2664 doctrinae
1587 2631 1803 2664 rudimenta

157 2686 332 2719 omnibus
363 2686 586 2724 inculcaret,
620 2687 789 2719 infirmas
822 2687 861 2718 in
894 2685 1044 2719 Christo
1084 2688 1230 2720 mentes
1271 2687 1516 2720 confirmaret
1555 2688 1592 2720 et
1631 2687 1801 2720 turbatas

156 2741 408 2774 conscientias
425 2742 634 2784 Evangelio
654 2742 793 2775 Christi
810 2741 1087 2782 tranquillaret.
1105 2742 1203 2775 Hinc
1221 2743 1315 2776 adeo
1334 2744 1476 2775 sactum
1495 2743 1563 2780 cst,
1584 2743 1636 2781 ut,
1657 2743 1801 2775 civibus

157 2798 348 2840 gregatim
372 2798 418 2830 ad
442 2797 551 2830 illum
575 2798 867 2835 confluentibus,
893 2797 1050 2838 parochi
1076 2799 1230 2838 questus
1255 2798 1363 2831 valde
1388 2799 1563 2840 frigeret.
1591 2797 1661 2836 Qui
1688 2797 1800 2839 hujiis

158 2853 215 2886 rei
242 2853 377 2887 dolore
400 2854 537 2891 motus,
566 2854 831 2897 magistratum
857 2862 997 2896 urgere
1022 2854 1178 2887 minime
1204 2854 1361 2889 destitit,
1388 2855 1430 2886 ut
1453 2853 1646 2887 hominem
1671 2854 1801 2892 talem,

159 2909 223 2950 qui
258 2918 403 2942 sacram
439 2910 612 2952 synaxin,
647 2909 945 2953 supplicationes
975 2909 1146 2952 publicas
1178 2913 1215 2943 ct
1246 2910 1445 2943 Pontificis
1476 2910 1640 2946 Romani
1670 2911 1802 2947 autho-
