2096 3481
838 207 977 242 ANNO
1004 208 1085 242 1521
1739 211 1782 242 37

916 355 1000 399 38.

213 492 352 537 1531,
397 487 615 530 Jamcm‘c'
656 493 700 537 3,
749 487 905 529 Rome.
946 481 1112 527 Banbul
1157 498 1241 528 van
1282 498 1391 541 paus
1434 485 1518 528 Leo
1560 487 1601 528 X
1649 488 1780 542 tegen

140 558 307 602 Luther
330 572 383 600 θη
407 562 536 614 tegen
570 558 692 600 diens
725 557 1004 613 aanhangers
1038 573 1090 601 en
1130 559 1456 616 begunstigers.
1494 585 1552 592 —
1574 561 1640 603 Na
1674 575 1781 604 eene

139 627 364 682 inleiding,
392 626 558 671 waarin
597 627 648 669 de
671 641 775 682 paus
810 626 1002 684 uitwijdt
1035 642 1139 670 over
1173 629 1286 685 zijne
1309 628 1503 684 pliohten
1540 632 1781 684 tegenover

139 697 192 740 de
230 697 418 747 ketters,
466 710 517 737 en
558 696 725 738 waarin
764 695 824 753 hij
866 710 945 739 een
984 697 1184 752 gedeelte
1222 698 1362 754 zijner
1399 697 1676 752 voorgaande
1709 697 1781 741 bul

138 767 241 820 (van
271 764 630 819 170¹¹Ju1i1520)
663 765 874 822 letterlijk
914 765 1134 817 her-baalt,
1174 767 1276 810 stelt
1316 767 1374 824 hij
1415 772 1532 817 vast,
1578 766 1668 818 dat,
1705 772 1781 810 ten

139 835 322 890 gevolge
344 834 473 877 dezer
493 847 705 890 vroegere
741 834 826 884 bul,
855 835 1064 891 sommige
1087 836 1370 879 Lutheranen
1404 835 1553 878 hunne
1576 834 1780 891 dolingen

138 903 307 946 hebben
332 903 627 959 afgezworen,
655 916 708 945 en
731 903 807 946 dat
829 903 873 945 in
908 904 1121 960 sommige
1155 905 1355 959 plaatsen
1387 917 1474 946 van
1497 903 1781 948 Duitsohland

138 973 340 1016 Luther's
363 972 493 1028 gesch
504 972 631 1015 riften
653 971 872 1015 verbrand
896 973 1132 1028 geworden
1157 973 1260 1030 zijn.
1287 973 1455 1016 Luther
1483 973 1776 1029 integendeel,

137 1042 245 1086 door
268 1041 484 1097 machtige
508 1055 723 1097 personen
748 1041 1022 1094 besehermd,
1058 1043 1094 1084 is
1133 1042 1185 1085 de
1222 1042 1504 1098 instellingen
1544 1042 1621 1085 der
1659 1043 1781 1085 Kerk

138 1124 226 1167 nog
261 1110 590 1166 hardnekkiger
622 1111 707 1154 dan
744 1124 931 1167 vroeger
973 1111 1136 1168 blijVen
1181 1110 1438 1168 bestrijden.
1483 1111 1781 1168 Dienvolgens

137 1185 253 1224 moet
276 1180 355 1237 hij,
383 1180 562 1223 evenals
584 1180 698 1237 zijne
719 1181 1002 1237 aanhangers
1026 1195 1080 1224 en
1102 1180 1433 1237 begunstigers,
1475 1181 1540 1223 als
1579 1195 1656 1223 een
1682 1195 1782 1224 ver-

135 1249 245 1292 hard
269 1249 414 1293 ketter
437 1249 700 1293 beschouwd
724 1251 902 1292 worden
927 1265 980 1293 en
1000 1250 1104 1293 door
1126 1251 1212 1293 alle
1235 1251 1489 1293 christenen
1513 1250 1777 1305 geschuwd;

135 1318 189 1375 zij
220 1319 399 1362 worden
419 1319 460 1362 in
487 1319 569 1362 den
606 1318 688 1362 ban
722 1319 799 1361 der
822 1320 943 1362 Kerk
966 1321 1194 1376 geslagen‚
1221 1320 1420 1376 schuldig
1442 1318 1674 1362 verklaard
1698 1333 1779 1362 aan

134 1388 600 1447 maJesteitssehennis‚
637 1388 954 1445 onderworpen
989 1403 1070 1432 aan
1095 1389 1147 1431 de
1170 1387 1350 1432 straffen
1377 1393 1505 1445 tegen
1529 1388 1582 1430 de
1611 1388 1780 1431 ketters

136 1457 472 1514 uitgeschreven
493 1471 561 1507 en,
586 1457 762 1500 evenals
781 1457 930 1500 hunne
954 1457 1201 1514 opvolgers‚
1224 1470 1308 1499 van
1327 1457 1367 1500 al
1391 1458 1541 1500 hunne
1564 1457 1780 1512 goederen

137 1543 190 1571 en
214 1526 389 1571 ambten
424 1525 618 1570 beroofd.
646 1526 744 1570 Alle
766 1528 981 1582 plaatsen,
1010 1540 1132 1570 waar
1155 1527 1326 1570 Luther
1359 1540 1412 1569 en
1438 1527 1550 1583 zijne
1583 1527 1779 1569 aanhan-

137 1611 239 1655 gers
262 1596 310 1639 of
325 1595 633 1651 begunstigers
666 1595 762 1638 zich
796 1596 1041 1652 ophouden‚
1069 1595 1250 1638 worden
1285 1596 1329 1637 in
1363 1596 1568 1639 interdict
1589 1596 1775 1651 gesteld.

133 1666 183 1708 In
207 1666 291 1709 alle
310 1665 477 1708 kerken
500 1665 565 1708 zal
591 1678 689 1707 men
708 1665 811 1708 deze
834 1665 905 1708 bul
930 1665 1122 1721 plechtig
1145 1664 1432 1721 afkondigen,
1460 1679 1514 1720 op
1548 1664 1663 1709 straf
1694 1679 1777 1707 van

133 1735 216 1777 den
238 1733 507 1792 pauselijken
534 1733 747 1778 ban.Aan
769 1735 853 1778 alle
876 1733 1188 1790 kerkvoogden
1215 1734 1357 1778 wordt
1381 1733 1562 1777 bevolen
1587 1734 1778 1790 preeken

133 1805 178 1847 in
199 1808 243 1848 te
265 1805 434 1847 richten
459 1807 590 1859 tegen
624 1803 676 1846 de
714 1804 887 1847 nieuwe
910 1803 1201 1852 leerstelsels;
1248 1803 1332 1846 ook
1369 1817 1454 1846 aan
1491 1803 1578 1846 alle
1615 1804 1780 1847 andere

134 1874 420 1931 geestelijken
459 1872 558 1915 doet
596 1872 648 1915 de
669 1887 778 1929 paus
816 1874 995 1917 daartoe
1017 1886 1156 1916 eenen
1190 1886 1365 1928 oproep.
1393 1875 1506 1916 Deze
1538 1873 1779 1931 pauselijke

134 1942 207 1987 bul
229 1943 296 1987 zal
334 1943 378 1985 in
401 1944 517 1985 twee
556 1941 817 1985 kathedrale
855 1942 1022 1985 kerken
1063 1955 1148 1984 van
1190 1941 1476 1984 Duitschland
1509 1941 1780 1998 aangeplakt

134 2013 331 2062 worden,
366 2025 420 2054 θη
459 2024 568 2053 naar
600 2011 684 2054 alle
721 2012 921 2067 plaatsen
943 2011 1088 2055 zullen
1127 2024 1175 2053 er
1207 2010 1389 2067 wettige
1411 2009 1667 2054 asschriften
1693 2025 1778 2054 van

134 2082 358 2138 gezonden
388 2080 586 2124 worden.
615 2081 717 2125 Wie
738 2095 820 2125 aan
846 2082 949 2125 deze
973 2080 1044 2125 bul
1068 2079 1462 2137 gehoorzaamheid
1486 2080 1683 2136 weigert,
1720 2080 1775 2138 zij

133 2151 355 2209 gevloekt.

179 2252 254 2285 Leo
284 2250 494 2292 episcopus.
522 2258 651 2282 servus
669 2258 864 2282 servorum
890 2249 970 2287 Dei,
991 2249 1036 2281 ad
1054 2250 1276 2290 perpetuam
1293 2248 1349 2281 rei
1373 2249 1606 2281 memoriam.

179 2308 296 2340 Decet
319 2306 577 2339 Romanorum
602 2305 832 2347 pontificem,
859 2313 905 2337 ex
939 2305 1077 2337 tradita
1107 2305 1179 2336 sibi
1212 2304 1390 2336 (livinitus
1415 2305 1614 2345 potestate,
1642 2313 1778 2346 poena-

134 2372 217 2395 rum
243 2361 497 2403 spiritualium
523 2362 560 2393 et
585 2360 849 2401 temporalium
876 2369 944 2401 pro
970 2360 1191 2392 meritorum
1225 2359 1443 2392 diversitate
1476 2360 1777 2401 dispensatorum

135 2418 393 2451 constitutum.
434 2416 480 2448 ad
512 2416 795 2457 reprimendum
825 2416 990 2447 nefarios
1019 2417 1174 2447 conatus
1203 2423 1481 2456 perversorum,
1512 2424 1605 2456 quos
1642 2417 1777 2449 noxiae

134 2473 337 2506 voluntatis
367 2473 459 2504 adeo
489 2472 693 2513 depravata
709 2471 874 2513 captivat
890 2471 1063 2509 intentio,
1084 2472 1125 2503 ut
1142 2471 1212 2503 Dei
1230 2470 1365 2503 timore
1383 2471 1606 2511 postposito,
1625 2472 1776 2504 eanoni-

134 2529 188 2561 cis
220 2527 477 2560 sanctionibus
510 2527 771 2567 mandatisque
803 2526 1019 2568 apostolicis
1053 2525 1236 2568 neglectis
1269 2530 1380 2566 atque
1412 2526 1649 2567 contemptis,
1680 2537 1776 2560 nova

134 2586 172 2617 et
195 2583 290 2616 salsa
314 2583 491 2623 dogmata
515 2582 732 2623 excogitare
765 2591 806 2614 ac
831 2582 868 2614 in
893 2581 1053 2614 eeclesia
1077 2582 1146 2614 Dei
1168 2581 1361 2623 >nefarium
1391 2580 1553 2613 schisma
1581 2582 1772 2621 inducere,

135 2641 198 2672 aut
211 2638 459 2671 schismaticis
475 2637 564 2678 ipsis
579 2637 841 2669 inconsutilem
859 2637 1127 2678 Redemptoris
1146 2637 1263 2668 nostri
1285 2636 1447 2668 tunicam
1467 2636 1774 2678 orthodoxaeque

136 2695 221 2727 ndei
247 2694 429 2726 unitatem
457 2693 629 2725 scindere
654 2693 926 2733 satagentibus,
947 2694 1113 2725 savorem
1132 2692 1327 2733 praebere,
1348 2691 1526 2724 assistere,
1551 2692 1774 2725 adhaerere-

135 2760 206 2790 qne
236 2759 308 2781 non
337 2750 542 2784 verentur:
574 2757 620 2780 ne
638 2748 743 2780 Petri
769 2748 938 2779 navi‹·ula
964 2748 1044 2779 sine
1069 2748 1325 2790 gubernatore
1356 2749 1394 2779 et
1421 2747 1567 2789 remige
1597 2749 1774 2791 navigare

135 2805 304 2840 videatis.
332 2805 465 2836 contra
490 2802 583 2835 tales
608 2812 815 2844 eorumque
841 2803 1158 2843 stwpiaeesaerius
1177 2803 1388 2844 insurgere.
1415 2805 1453 2833 et·
1477 2804 1774 2845 exaggeratione

136 2869 341 2901 poenarum
366 2861 405 2891 et
421 2858 513 2891 alias
539 2863 751 2899 opportuno
776 2859 945 2891 remedio
970 2858 1023 2890 ita
1046 2858 1258 2900 providere.
1285 2867 1331 2890 ne
1356 2858 1469 2890 iidem
1495 2862 1773 2900 contemptores

137 2915 173 2947 in
192 2915 394 2956 reprobum
423 2923 573 2947 sensum
591 2913 680 2952 dati,
712 2913 862 2955 illisque
881 2913 1142 2951 adhaerentes,
1162 2912 1266 2946 falsis
1284 2913 1505 2946 commentis
1534 2922 1576 2946 ae
1604 2915 1771 2948 subdolis
