2096 3481
299 257 337 290 14
989 252 1127 287 ANNO
1152 252 1236 286 1519

692 366 729 397 te
747 362 901 402 Leiden‚
921 362 1003 396 deel
1020 361 1050 402 Ι,
1065 361 1136 395 blz.
1153 362 1186 401 2,
1206 367 1245 395 n1·
1263 360 1311 403 6.)
1327 378 1370 386 -
1387 360 1452 395 Dit
1468 360 1604 403 drukje
1618 360 1729 395 bevat
1745 370 1821 405 nog
1832 361 1928 396 twee

691 419 831 452 andere
859 418 1036 457 stukken‚
1063 417 1244 459 namelijk
1272 417 1318 450 dc
1345 415 1636 459 veroordeeling
1657 425 1727 450 van
1755 416 1928 451 Luther’s

690 473 837 507 boeken
862 474 955 505 door
972 474 1017 506 de
1041 472 1295 515 godgeleerde
1317 471 1505 505 Faculteit
1527 480 1597 504 van
1622 471 1772 505 Leuven
1797 472 1831 514 (7
1855 472 1929 506 No-

690 529 843 561 vember
860 527 956 566 1519,
975 528 1030 560 zie
1048 537 1115 560 ons
1134 528 1182 560 N1·
1194 527 1250 568 26)
1268 536 1314 560 en
1332 535 1451 560 eenen
1467 526 1567 560 brief
1582 535 1653 560 van
1676 526 1841 560 Adriaan
1858 535 1930 560 van

691 583 862 621 Utrcclit,
882 582 1078 614 kardinaal
1095 591 1166 615 van
1184 582 1356 621 Tortosa,
1377 591 1447 614 aan
1471 582 1517 614 de
1539 581 1782 614 Leuvensche
1800 581 1931 615 Facul-

691 639 760 671 teit
777 639 810 678 (4
829 637 1036 670 December
1061 637 1157 675 1519,
1184 638 1239 669 zie
1264 646 1331 669 ons
1349 637 1398 669 ΝΓ
1415 636 1485 678 27.)
1502 654 1545 659 -
1562 637 1617 669 De
1642 636 1933 679 veroordeeling

693 695 759 726 der
777 692 968 726 Keulsche
993 692 1180 725 Faculteit
1195 701 1271 724 was
1294 692 1404 724 rceds
1429 691 1632 734 afgedrukt
1654 691 1705 733 bij
1737 691 1931 733 Duplessis

692 748 930 790 d'Argentre,
951 746 1120 781 Collectio
1135 746 1388 790 judiciorum,
1414 746 1497 780 deel
1522 746 1552 785 Ι,
1579 746 1667 779 stuk
1689 745 1739 785 II,
1764 745 1834 779 blz.
1853 745 1932 779 358-

693 804 769 842 359,
785 813 831 836 en
849 801 1098 845 gedeeltclijk
1114 802 1165 844 bij
1186 802 1240 835 De
1253 802 1362 841 Ram,
1377 801 1598 846 Disquisitio
1611 799 1787 835 historica
1799 800 1845 835 de
1855 799 1933 835 hiis

692 869 785 903 quae
800 863 927 892 contra
945 856 1150 891 Lutherum
1175 856 1420 891 Lovanz'enses
1443 855 1603 901 theologi
1619 860 1782 900 eyerzmt,
1801 855 1872 889 blz.
1896 857 1929 888 4.

1067 1004 1154 1047 26.

371 1140 509 1187 1519,
534 1133 794 1178 November·
820 1138 864 1184 7,
894 1134 1098 1176 Leuven.
1128 1135 1356 1191 Plechtige
1400 1149 1453 1178 en
1497 1133 1713 1190 openbare
1757 1147 1933 1177 veroor-

299 1208 471 1263 deeling
493 1221 577 1249 van
603 1205 800 1250 Luther‘s
825 1202 1093 1260 geschriften
1112 1203 1217 1246 door
1239 1203 1291 1246 de
1313 1202 1601 1259 godgeleerde
1618 1203 1834 1247 Faculteit
1857 1202 1935 1245 der

300 1275 598 1333 Hoogeschool
621 1288 708 1317 van
725 1275 917 1317 Leuven.
944 1297 1000 1304 —
1022 1273 1108 1316 Het
1129 1271 1279 1328 vorige
1296 1272 1397 1328 jaar
1419 1271 1544 1314 reeds
1573 1271 1658 1314 had
1694 1271 1746 1314 de
1780 1271 1934 1314 Facul-

299 1347 379 1390 teit
403 1359 557 1389 ervoor
579 1342 783 1401 gezorgd,
811 1342 882 1385 dat
905 1355 984 1384 een
1007 1341 1382 1398 gevaarlijkboek
1412 1354 1496 1383 van
1521 1341 1691 1384 Luther
1712 1341 1805 1384 niet
1838 1353 1934 1382 ver-

299 1415 435 1459 kocht
456 1413 577 1456 werd
600 1413 644 1455 in
665 1413 803 1455 haren
821 1410 997 1462 schoot;
1020 1410 1129 1452 doch
1146 1409 1208 1452 dit
1225 1409 1336 1453 boek
1355 1423 1408 1452 en
1427 1409 1512 1466 zijn
1532 1409 1748 1466 schrijver
1764 1407 1934 1452 hebben

297 1485 394 1528 veel
417 1483 693 1538 aanhangers
715 1480 958 1537 gevonden.
985 1479 1054 1522 Dit
1077 1479 1201 1522 werk
1225 1493 1276 1522 en
1318 1478 1480 1522 andere
1503 1478 1639 1522 nader
1660 1477 1931 1534 aangeduide

300 1551 568 1610 geschriften
599 1564 683 1593 van
719 1549 882 1592 Luther
918 1548 1098 1591 worden
1137 1562 1196 1591 nu
1234 1548 1427 1604 plechtig
1464 1546 1821 1604 gebrandmerkt.
1867 1546 1933 1590 als

300 1620 574 1665 inhoudende
607 1619 859 1662 kettersohe
902 1617 1154 1673 stellfflgen,
1186 1630 1394 1660 waarvan
1434 1616 1486 1659 de
1525 1616 1616 1674 lijst
1648 1615 1935 1671 breedvoerig

300 1691 438 1746 volgt.
463 1690 519 1733 Al
542 1689 610 1732 die
627 1686 895 1744 gevaarlijke
910 1686 1078 1729 boeken
1102 1688 1273 1729 moeten
1306 1684 1523 1729 verbrand
1556 1699 1610 1728 en
1644 1685 1695 1728 de
1722 1684 1936 1741 schrijVer

301 1762 367 1803 tot
399 1757 663 1814 herroeping
695 1756 968 1813 gedwongen
1001 1755 1198 1799 worden.
1226 1780 1282 1786 -
1306 1755 1417 1797 Deze
1456 1753 1690 1810 beslissing
1725 1753 1847 1796 werd
1891 1756 1936 1797 te

302 1831 478 1873 Leuven
502 1827 546 1869 in
570 1827 620 1869 de
642 1825 998 1869 St-Pieterskerk
1021 1837 1251 1880 genomen,
1267 1823 1312 1866 in
1335 1824 1387 1866 de
1402 1823 1699 1880 kapittelzaal,
1726 1821 1936 1866 tusschen

300 1898 379 1941 het
400 1896 598 1953 negende
621 1909 675 1938 en
698 1895 776 1938 het
797 1894 944 1938 tiende
969 1907 1050 1936 uur
1072 1893 1116 1935 in
1141 1893 1225 1936 den
1248 1892 1550 1949 voormiddag.

303 2002 487 2037 Eiusdem
519 1998 723 2035 Facultatis
751 1997 982 2042 [theoloyiae
1015 1996 1279 2041 Lovaniensis]
1312 1995 1534 2031 doctrinalis
1562 1995 1832 2038 condemnatio,
1863 2005 1936 2039 qua

345 2056 614 2092 condemnatur
651 2055 821 2089 doctrina
864 2053 976 2087 Mart.
1011 2051 1197 2093 Lutherii,
1234 2051 1395 2087 doctoris
1437 2051 1643 2096 theologiae
1680 2051 1937 2085 universitatis

360 2111 694 2155 Wittenberyensis.

345 2189 541 2223 Universis
565 2190 604 2221 et
627 2187 786 2230 singulis
811 2187 878 2219 has
903 2187 1050 2219 nostras
1074 2185 1221 2219 litteras
1244 2185 1393 2223 visuris,
1420 2186 1458 2218 et
1482 2184 1667 2217 audituris
1696 2184 1868 2217 Decanus
1894 2183 1933 2216 et

306 2245 480 2279 Facultas
515 2252 643 2277 sacrae
680 2242 895 2285 theologiae
930 2240 1150 2274 vniversalis
1183 2240 1304 2273 Studii
1336 2240 1579 2274 Lovaniensis
1611 2238 1935 2272 commendatione

307 2300 477 2333 salutem.

351 2354 529 2393 Quamuis
548 2363 676 2386 omnes
702 2353 853 2385 omnino
871 2352 1067 2384 christiani
1085 2352 1130 2384 ad
1147 2351 1235 2383 fidei
1253 2351 1290 2384 et
1307 2359 1434 2383 sacrae
1460 2350 1653 2382 doctrinae
1678 2348 1935 2381 defensionem

309 2409 471 2447 Christo,
491 2409 550 2441 cui
569 2417 703 2440 nomen
722 2408 907 2440 dederunt
924 2408 962 2439 et
977 2407 1083 2439 cuius
1101 2407 1335 2439 sacramento
1353 2405 1532 2447 ligantur,
1559 2405 1634 2437 sint
1658 2404 1815 2443 astricti,
1835 2403 1880 2436 ad
1897 2403 1936 2435 id

309 2466 433 2497 tamen
459 2463 704 2505 obligatiores
729 2472 811 2495 esse
835 2462 993 2500 constat,
1012 2471 1105 2502 quos
1130 2470 1259 2494 sacrae
1287 2460 1502 2502 theologiae
1526 2459 1711 2501 professio
1736 2457 1935 2500 specialius

308 2519 472 2561 stringit.
499 2518 596 2551 Istos
620 2518 720 2550 enim
744 2518 895 2558 oportet
917 2526 1000 2549 esse
1016 2517 1189 2558 potentes
1206 2516 1245 2548 in
1263 2524 1376 2557 opere
1394 2516 1432 2548 et
1449 2523 1634 2554 sermone,
1649 2514 1692 2546 ut
1707 2522 1775 2555 per
1791 2521 1936 2545 sacram

311 2574 518 2606 doctrinam
536 2573 838 2605 contradicentes
854 2572 1097 2614 redarguant,
1113 2572 1150 2604 et
1166 2580 1234 2612 pro
1253 2570 1362 2602 domo
1375 2569 1493 2603 Israel
1511 2579 1550 2602 se
1567 2578 1715 2602 murum
1732 2567 1933 2609 opponant.

310 2628 408 2661 Hinc
433 2629 490 2661 est
514 2628 613 2669 quod
637 2637 705 2660 nos
730 2627 818 2660 huic
843 2627 969 2659 debito
993 2635 1062 2668 pro
1085 2626 1228 2658 viribus
1253 2626 1471 2658 satisfacere
1495 2625 1700 2666 cupientes,
1716 2632 1812 2656 anno
1830 2630 1936 2663 supe-

308 2684 411 2716 riore
435 2683 573 2715 librum
598 2683 783 2723 quendam
806 2680 965 2724 f[ratris]
990 2681 1144 2714 Martini
1160 2680 1318 2714 Lutheri
1336 2680 1499 2712 doctoris
1517 2680 1572 2721 (ut
1589 2678 1739 2720 dicitur)
1756 2677 1936 2710 universi-

310 2739 399 2771 tatis
415 2738 773 2780 Wittenbergensis‚
794 2737 857 2777 qui
880 2737 1003 2778 prima
1025 2736 1121 2768 facie
1139 2736 1247 2768 nobis
1263 2735 1364 2767 visus
1381 2735 1454 2768 fuit
1471 2733 1711 2767 scandalosus
1735 2733 1773 2766 et
1796 2732 1936 2765 Christi

310 2793 491 2826 ecclesiae
509 2793 655 2830 noxius,
682 2792 894 2824 curavimus
918 2791 1098 2832 quantum
1122 2791 1160 2822 in
1185 2790 1292 2822 nobis
1308 2790 1392 2828 fuit,
1412 2799 1458 2822 ne
1481 2790 1520 2822 in
1546 2789 1676 2822 nostra
1690 2787 1935 2821 universitate

310 2847 460 2890 publice
492 2847 730 2880 venderetur.
756 2846 896 2879 Verum
931 2855 1014 2878 cum
1053 2845 1291 2887 experientia
1330 2844 1642 2886 comperissemus
1676 2842 1777 2875 istud
1815 2841 1936 2874 adhuc

309 2903 401 2936 satis
433 2911 507 2934 non
539 2910 634 2940 esse,
668 2902 734 2934 sed
765 2900 903 2933 librum
941 2901 980 2933 et
1018 2900 1188 2933 autorem
1222 2899 1303 2933 eius
1342 2899 1480 2932 multos
1519 2899 1658 2932 habere
1695 2897 1863 2930 fautores
1898 2896 1937 2929 et

313 2958 544 2995 defensores,
564 2958 774 2990 asserentes
798 2956 908 2989 huius
933 2955 1020 2988 libri
1045 2956 1254 2989 doctrinam
1278 2963 1366 2988 vere
1389 2963 1472 2988 esse
1496 2953 1751 2992 christianam,
1777 2960 1936 2993 quorum
