2096 3481
340 267 401 298 ‘249
1035 261 1171 294 ANNO
1198 260 1280 293 1523

379 376 472 408 Item
496 373 675 406 scultetus
699 372 736 403 in
761 370 999 412 Enchuysen,
1024 380 1108 403 cum
1135 371 1211 411 jam
1236 369 1374 402 dudum
1403 368 1590 409 quendam
1615 368 1848 401 sacerdotem
1874 375 1959 400 cum

335 430 452 462 tribus
479 428 646 470 beguttis
676 425 999 468 apprehendisset,
1029 427 1068 458 et
1097 434 1165 466 per
1193 425 1375 457 decanum
1402 423 1652 462 Westi'risiae,
1679 424 1721 455 ut
1746 423 1898 456 eosdem
1920 422 1960 455 in

336 493 466 516 manus
483 482 665 514 ordinarii
682 481 859 517 traderet,
878 480 1095 520 requisitus,
1113 480 1213 512 idem
1229 479 1266 511 id
1282 480 1407 511 facere
1421 478 1625 519 recusavit3
1644 479 1682 510 et
1697 487 1781 510 cum
1798 477 1960 510 decanus

336 538 607 578 jurisdictionis
635 538 766 568 contra
794 535 965 573 eundem,
990 536 1103 576 prout
1130 535 1269 571 debuit,
1299 533 1544 575 processisset
1571 542 1688 573 usque
1714 533 1759 565 ad
1783 540 1960 564 censuras

337 592 529 627 inclusive.
550 592 661 625 Curia
689 590 910 623 Hollandiac
937 590 1126 621 mandavit
1151 589 1273 621 eidem
1298 589 1451 626 decan0‚
1472 590 1512 619 ut
1537 596 1714 620 censuras
1739 586 1903 625 tolleret,
1921 586 1960 618 in

339 647 615 688 praejudicium
639 645 916 678 ecclesiasticae
936 644 1222 685 jurisdictionis.
1246 661 1249 663 ·

382 702 439 734 Ad
456 702 608 734 tertium
621 700 882 741 respondetur,
898 700 997 739 quod
1015 698 1194 731 scultetus
1208 699 1245 730 in
1264 697 1501 739 Enchuysen,
1518 706 1614 730 anno
1628 697 1768 738 elapso,
1784 696 1962 729 obediens

342 757 525 788 mandatis
554 756 735 790 Caesaris.
766 755 950 794 quendam
975 753 1193 795 religiosum
1223 754 1267 785 de
1297 753 1323 784 's
1350 753 1586 785 Gravesande
1612 753 1650 784 et
1677 754 1753 784 tres
1780 750 1963 783 moniales

341 812 417 843 sive
439 811 613 852 beguttas
629 811 677 858 'in
699 809 829 841 habitu
857 808 981 840 laicali
1004 810 1172 849 repertas
1197 808 1234 839 et
1259 808 1433 840 Bremam
1456 816 1586 839 versus
1612 807 1808 839 tendentes
1836 813 1964 847 appre-

339 866 480 901 hendit,
500 866 611 906 idque
636 864 736 895 illico
761 863 913 895 illorum
937 863 1194 904 superioribus
1212 863 1394 904 exemptis
1420 862 1627 902 intimavit3
1647 862 1809 894 decanus
1834 861 1958 893 autem

339 920 589 958 VVestsrisiae,
619 924 815 960 capturum
844 918 1011 956 audiens,
1043 918 1169 950 statim
1198 918 1446 960 interrogavit
1463 917 1676 954 scultetum,
1702 916 1734 948 si
1763 924 1837 948 non
1864 915 1962 947 inve-

342 976 458 1007 nisset
474 974 599 1015 aliqua
622 975 731 1011 bona,
751 975 788 1005 et
804 973 931 1005 habito
949 982 1129 1014 responso
1154 972 1253 1013 quod
1270 982 1356 1011 non,
1385 972 1495 1013 petiit
1511 981 1532 1004 a
1556 970 1728 1008 sculteto,
1757 970 1846 1011 quid
1874 969 1962 1002 doni

341 1031 506 1070 cuperet,
526 1030 566 1061 ut
583 1038 646 1061 eos
670 1029 849 1069 fugitivos
875 1028 946 1060 sibi
964 1028 1080 1065 daret,
1109 1028 1173 1059 aut
1196 1027 1284 1068 quid
1309 1027 1422 1059 vellet
1446 1027 1516 1058 sibi
1534 1027 1673 1058 decano
1700 1026 1801 1064 dare,
1819 1025 1861 1057 ut
1877 1024 1962 1056 illos

342 1086 469 1125 captos
500 1084 703 1123 reti1ieret3
740 1084 777 1115 et
808 1083 895 1123 quia
930 1082 1110 1114 scultetus
1142 1083 1180 1114 in
1212 1083 1383 1114 neutram
1422 1083 1568 1122 partem
1605 1080 1724 1113 voluit
1758 1079 1960 1117 declinare,

340 1139 574 1180 praesertim,
594 1147 677 1169 cum
695 1138 855 1169 mendax
872 1137 1104 1178 reperiretur
1121 1137 1298 1169 adversus
1316 1137 1434 1168 dictos
1452 1136 1678 1177 superiores,
1698 1135 1832 1176 quibus
1850 1134 1963 1174 scrip-

342 1196 454 1230 serat,
485 1196 525 1225 ut
542 1202 627 1225 suos
646 1193 813 1224 subditos
831 1201 850 1223 e
868 1192 1038 1224 manibus
1056 1192 1132 1224 suis
1150 1192 1354 1229 auferrent,
1383 1191 1503 1223 dictus
1522 1191 1696 1229 decanus,
1723 1199 1770 1222 ne
1787 1189 1858 1222 sibi
1875 1189 1964 1229 quid

345 1249 438 1281 lucri
457 1249 703 1285 decresceret,
722 1247 866 1288 putavit
883 1246 1083 1279 scultetum
1107 1255 1176 1288 per
1198 1246 1623 1279 excommunicationem
1639 1253 1776 1287 cogere
1793 1244 1839 1276 ad
1856 1243 1966 1276 tradi-

342 1304 482 1336 tionem
499 1304 728 1342 vinctorum3
748 1303 793 1335 de
810 1311 883 1342 qua
899 1302 1284 1334 excommunicatione
1308 1301 1447 1342 pendet
1463 1300 1509 1332 lis
1526 1301 1564 1333 in
1583 1309 1695 1333 causa
1711 1299 1936 1341 injuriarum
1952 1308 1961 1339 ς

344 1361 382 1391 et
412 1359 566 1399 insuper
594 1357 774 1390 scultetus
803 1357 847 1389 de
875 1366 920 1389 ea
946 1358 1171 1397 conquestus
1199 1357 1257 1388 est
1284 1356 1444 1388 dominis
1477 1356 1522 1388 de
1552 1354 1716 1388 Consilio
1749 1353 1868 1392 Holl.,
1902 1353 1965 1394 qui

342 1413 568 1445 mandarunt
584 1412 640 1444 illi
659 1421 680 1444 a
696 1413 772 1444 tam
788 1412 917 1452 iniqua
939 1411 1137 1444 vexatione
1155 1411 1337 1444 desistere
1354 1411 1418 1443 aut
1434 1419 1559 1442 coram
1577 1410 1631 1443 eis
1656 1410 1781 1442 dicere
1802 1417 1964 1446 causam,

341 1478 457 1509 quare
475 1478 566 1509 110113
593 1468 631 1500 in
656 1477 728 1508 quo
749 1467 861 1500 Curia
882 1467 983 1508 Juste
1007 1467 1087 1509 egit
1111 1467 1157 1499 ad
1180 1466 1505 1499 conservationem
1520 1465 1781 1498 mandatorum
1799 1463 1838 1497 C.
1860 1463 1910 1496 M.
1929 1462 1968 1495 et

344 1525 385 1555 ut
409 1523 555 1556 debuit.

692 1599 801 1637 Dodt,
820 1597 981 1640 Archief
997 1607 1086 1632 υοον
1108 1597 1309 1642 ἢενῖιεῖᾓῆε
1326 1608 1370 1632 en
1385 1596 1613 1640 werezdlijke
1632 1594 1962 1639 aeschiedenissen,

735 1653 816 1686 (leel
834 1653 902 1691 III,
920 1653 990 1686 blz.
1011 1653 1069 1686 33.

1101 1812 1214 1857 179.

413 1961 552 2005 1523,
594 1954 835 1998 Woemfflz.
864 1951 1106 1996 Uittreksel
1130 1951 1193 1995 uit
1215 1951 1267 1994 de
1284 1950 1553 2007 rekeningen
1575 1963 1659 1993 van
1682 1949 1760 1993 het
1777 1949 1869 1992 Hos
1880 1962 1962 1992 van

343 2027 529 2069 Holland
551 2040 655 2069 over
681 2027 732 2068 de
755 2027 841 2068 reis
864 2039 949 2068 van
971 2037 1107 2067 eenen
1131 2023 1238 2066 bode
1261 2036 1368 2065 naar
1390 2022 1612 2067 Woerden
1645 2036 1714 2065 om
1746 2021 1962 2065 verschei-

341 2096 449 2138 dene
473 2095 751 2139 Lutheranen
775 2094 924 2137 aldaar
945 2097 989 2136 te
1010 2093 1120 2136 doen
1139 2092 1416 2135 aanhouden.

381 2199 520 2240 Joorys
548 2199 707 2231 Pieterz.
740 2198 872 2235 hoedo,
906 2197 965 2228 die
996 2197 1064 2228 mit
1095 2196 1229 2229 zekere
1260 2194 1454 2228 besloeten
1485 2195 1642 2228 brieuen
1675 2195 1818 2228 vanden
1849 2194 1957 2227 Houe

342 2256 495 2295 gercyst
520 2254 553 2294 js
579 2254 698 2285 anden
723 2252 912 2293 casteleyn
938 2261 1007 2284 van
1030 2251 1221 2284 Woerden
1246 2259 1305 2282 om
1331 2251 1366 2282 te
1391 2249 1700 2291 apprehenderen
1724 2249 1859 2282 zekere
1879 2257 1964 2291 per-

341 2318 492 2346 soencn,
514 2309 573 2340 (lic
597 2309 741 2341 besmet
763 2317 831 2349 zyn
857 2307 925 2338 mit
949 2307 1008 2338 die
1035 2307 1135 2338 secte
1160 2305 1438 2345 Lutheriaene3
1465 2305 1547 2337 dair
1569 2313 1708 2338 voeren
1730 2304 1817 2337 hem
1839 2305 1966 2346 toege-

342 2364 515 2395 tauxeert
540 2364 573 2403 Js
601 2364 688 2404 xviij
719 2364 879 2399 stuuers,
912 2360 1123 2403 blyckende
1153 2361 1202 2401 by
1236 2360 1514 2392 dordonnancie
1543 2360 1627 2392 hier
1654 2368 1745 2393 ouer
1779 2358 1962 2402 geleuert,

346 2418 436 2449 facit
451 2418 538 2458 xviij
558 2428 587 2450 s.

690 2493 946 2535 Rijksarchief
962 2494 998 2525 te
1016 2491 1043 2524 's
1061 2491 1318 2534 Gravenhage‚
1333 2491 1577 2535 Rekeninyen
1592 2501 1666 2525 van
1689 2491 1761 2526 den
1783 2490 1967 2535 exploiten

733 2549 764 2589 (l
783 2548 904 2581 Maart
922 2546 1181 2580 1523-laatsten
1200 2546 1383 2580 Februari
1398 2546 1507 2588 1524),
1526 2546 1592 2579 fol.
1618 2546 1713 2588 xliiij
1732 2555 1854 2580 verso.

1095 2717 1194 2760 180
1203 2748 1212 2757 .

415 2864 550 2908 1523,
580 2858 880 2900 Amsterclam
905 2871 961 2899 en
994 2857 1194 2899 Utreclzt.
1238 2853 1476 2898 Uittreksel
1509 2853 1572 2897 uit
1607 2853 1659 2897 de
1690 2852 1959 2910 rekeningen

345 2941 430 2970 van
454 2930 528 2971 het
552 2929 639 2971 Hos
651 2943 733 2972 van
758 2929 943 2971 Holland
966 2942 1071 2972 over·
1093 2931 1145 2970 de
1162 2928 1247 2971 reis
1264 2941 1349 2970 van
1367 2940 1503 2970 eenen
1520 2926 1626 2971 bode
1642 2940 1750 2971 naar
1763 2927 1960 2970 Amster—
