2096 3481
739 247 876 282 ANNO
903 248 1088 282 1510-1520
1688 247 1728 281 10

96 361 252 406 enkele
273 360 566 417 aanhangers,
609 360 868 403 waaronder
889 359 1123 417 Sylvanus,
1157 358 1393 410 Sat-torius,
1420 359 1562 412 Hoen,
1588 359 1729 402 Pisto-

97 431 203 483 rius,
228 430 493 487 Gnaphaeus
515 443 570 473 en
592 428 802 473 anderen.
837 429 907 487 (In
948 429 1064 473 1528
1097 427 1219 472 werd
1256 427 1317 485 hij
1352 427 1459 470 door
1475 428 1505 472 't
1529 428 1619 473 Hof
1644 443 1730 474 van

96 499 283 543 Holland
311 499 521 556 vervolgd
554 512 609 542 en
640 498 839 543 vluchtte
867 511 976 542 naar
997 497 1298 555 Straatsburg,
1325 496 1492 540 alwaar
1519 497 1580 555 hij
1606 512 1729 543 over-

94 569 230 625 leed.)

140 670 321 704 Veritatis
353 669 479 703 lumen
506 669 651 711 primus
674 668 736 701 hic
760 667 926 712 [Delphi]
955 668 1128 702 exhibuit
1155 669 1211 711 (ut
1242 668 1334 702 alias
1358 668 1505 711 prolixe
1534 671 1730 703 ostendam

99 726 334 759 documentis
358 726 473 766 varijS
490 725 628 766 allatis)
653 723 868 757 Gualterius
893 725 1152 757 dominicanus
1178 724 1478 766 Ultrajeetensis,
1505 726 1567 766 qui
1586 726 1630 758 ab
1649 726 1733 767 alijs

97 781 187 814 lieet
202 781 430 822 praeteritus
444 781 514 821 (uti
530 782 662 822 postea
678 780 742 812 ubi
759 780 804 812 ad
822 779 1071 820 Ultrajeetum
1090 780 1276 813 devenero
1295 779 1466 821 liquebit)
1484 790 1527 812 ex
1547 781 1678 822 primis
1696 782 1732 812 in

98 836 233 878 Belgio
252 835 409 868 incaluit
425 835 708 868 reformationis
726 835 818 878 igni.
838 835 1079 876 Proscriptus
1097 835 1280 876 siquidem
1300 844 1321 867 a
1337 835 1426 873 suis,
1446 844 1543 867 anno
1563 835 1646 867 1520
1663 835 1734 867 huc

97 891 285 924 concessit
303 893 414 932 atque
434 891 613 931 quosdam
639 890 676 922 in
700 890 831 922 habitu
852 890 977 923 laicali
999 890 1227 922 clanculario
1250 890 1318 931 (uti
1338 892 1506 923 notatum
1525 900 1545 923 a
1560 891 1735 923 ‹loll-anne

98 946 282 987 Sartorio)
306 955 460 978 monere
485 945 661 984 instituit,
688 954 734 978 ne
762 946 962 978 crederent
984 946 1107 987 pretio
1133 955 1172 977 se
1196 954 1306 986 posse
1336 945 1539 986 impetrare
1567 949 1735 987 peccato-

96 1011 180 1034 rum
198 1001 459 1034 remissionem
479 1011 486 1033 :
507 1000 598 1033 alias
616 1001 715 1033 enim
734 1001 866 1039 Deum,
887 1001 949 1041 qui
968 1001 1140 1033 dominus
1157 1000 1253 1033 coeli
1279 1002 1389 1041 atque
1409 1003 1532 1033 terrae
1561 1003 1630 1039 est,
1662 1011 1733 1032 11011

98 1057 300 1089 missurum
317 1056 434 1089 fuisse
452 1057 489 1088 in
508 1065 659 1089 carnem
684 1055 802 1088 filium
820 1066 928 1088 suum
953 1056 1202 1099 unigenitum,
1222 1057 1262 1088 ut
1279 1057 1463 1098 sangiune
1481 1059 1517 1089 et
1535 1059 1655 1089 morte
1669 1066 1735 1088 sua

99 1112 270 1153 expiaret
287 1113 451 1153 peccata.

142 1166 240 1199 Huic
257 1176 342 1199 mox
361 1176 401 1199 se
425 1167 597 1208 adjunxit
614 1167 799 1209 Georgius
832 1167 1028 1209 Sylvanus,
1052 1167 1220 1200 Joannes
1253 1166 1443 1199 Sartorius
1469 1167 1546 1208 (qui
1577 1166 1735 1207 Delphis

98 1231 166 1264 per
184 1222 402 1255 Gualterum
431 1232 470 1254 se
487 1222 651 1263 primum
679 1223 849 1255 veritatis
867 1224 1018 1265 gustum
1050 1223 1265 1264 percepisse
1291 1221 1381 1254 alibi
1408 1223 1563 1263 satctur)
1588 1223 1699 1262 atque
1718 1233 1736 1251 ιε

97 1277 262 1319 polit-icis
281 1277 478 1310 Cornelius
497 1277 655 1313 Honius.
681 1277 973 1319 jurisconsultus
1003 1278 1253 1315 doctissimus,
1273 1277 1332 1309 cui
1358 1287 1397 1310 se
1422 1278 1614 1309 sociarunt
1638 1277 1736 1309 haud

97 1333 161 1365 diu
190 1334 274 1374 post
297 1332 491 1366 Johannes
515 1333 716 1371 Pistorius,
757 1334 901 1374 primus
937 1332 1162 1365 Hollandiae
1194 1334 1350 1374 martyr,
1384 1332 1607 1365 Guiliellnus
1640 1332 1745 1364 011111--

97 1387 253 1430 phaeus,
284 1389 409 1420 rector
437 1387 589 1420 scholae
618 1388 806 1431 Hagensis
835 1398 877 1421 ac
901 1390 1096 1421 consessor
1115 1388 1452 1425 constantissimus,
1480 1387 1621 1429 alijque
1647 1386 1736 1419 alibi

100 1443 374 1475 nominandi....

143 1498 240 1531 Prae
258 1498 431 1530 omnibus
449 1508 537 1531 vero
556 1498 640 1531 aliis
664 1499 953 1532 commemorari
978 1499 1089 1532 debet
1105 1499 1320 1532 Gualtcrius
1338 1499 1610 1536 dominicanus,
1630 1498 1737 1539 euJus

95 1553 171 1595 J'am
187 1555 297 1586 antea
309 1555 409 1586 faeta
421 1554 493 1586 fuit
506 1554 659 1586 mentio.
675 1554 712 1587 Is
725 1555 782 1596 (ut
794 1564 839 1588 ex
858 1555 1012 1595 antiqua
1026 1555 1208 1587 memoria
1230 1554 1323 1586 alias
1340 1553 1522 1595 probabo)
1537 1553 1737 1594 Ultrajecti

99 1610 185 1641 ante
213 1609 335 1650 ipsum
354 1609 560 1641 Iaitherum
577 1610 653 1651 jam
681 1619 778 1642 anno
797 1610 941 1643 decimo
971 1608 1088 1642 seculi
1107 1610 1241 1642 decimi
1270 1609 1404 1650 quinti,
1431 1608 1502 1640 hoc
1519 1610 1577 1641 est
1594 1609 1737 1649 septem

99 1664 206 1696 annis
232 1668 318 1697 ante
337 1664 566 1710 'Lutlierunn
594 1664 750 1697 liberius
779 1674 907 1698 verum
933 1674 1087 1697 monere
1112 1665 1275 1696 instituit
1304 1666 1416 1705 atque
1445 1664 1583 1696 abusus
1611 1663 1736 1694 varios

99 1721 244 1757 notare,
271 1719 369 1751 unde
402 1721 598 1751 accusatus
627 1721 725 1761 apud
758 1720 1002 1753 Fredericum
1028 1719 1237 1753 Badensem
1262 1720 1372 1760 (quae
1405 1718 1506 1751 illius
1532 1718 1732 1750 infirmitas

99 1775 194 1816 erat)
212 1775 451 1807 revocatione
469 1774 623 1815 aliquali
641 1776 826 1808 satisfecit
843 1776 1154 1816 adversariosque
1172 1784 1259 1807 suos
1276 1774 1426 1816 placare
1441 1775 1542 1806 visus
1557 1775 1625 1806 est.

142 1830 284 1862 Exorto
308 1839 397 1862 vero
416 1829 582 1862 Luthero
607 1831 763 1871 ejusque
789 1831 940 1863 nomine
964 1840 1032 1872 per
1056 1830 1231 1872 Belgium
1256 1829 1423 1871 vulgato,
1450 1829 1607 1861 liberius
1637 1828 1737 1860 inter

101 1895 188 1918 suos
205 1885 308 1926 loqui
326 1885 463 1926 coepit,
483 1886 547 1918 sed
563 1886 640 1926 J'am
658 1885 748 1918 olim
773 1888 981 1927 suspectus,
1012 1886 1075 1918 ubi
1094 1886 1299 1918 seeundum
1324 1894 1561 1917 communem
1587 1892 1739 1916 sensum

99 1940 203 1983 vulgi
224 1940 413 1973 Lutherus
431 1940 644 1973 haereticus
673 1941 805 1973 haberi
829 1941 965 1983 coepit,
985 1941 1066 1982 ipse
1084 1950 1232 1982 quoque
1251 1941 1348 1981 apud
1367 1939 1534 1972 aemulos
1553 1940 1591 1971 et
1607 1938 1739 1970 virtuti

101 1996 182 2038 ejus
195 1996 271 2037 jam
286 1996 348 2027 diu
363 1996 520 2028 infestos
534 1995 718 2028 haeretici
732 1996 882 2029 nomine
897 1997 1068 2038 signatus
1086 1997 1154 2034 est,
1171 1996 1263 2028 adeo
1278 1997 1318 2027 ut
1334 1994 1484 2037 publice
1503 1994 1740 2027 Luthcranus

99 2050 306 2083 monachus
321 2051 399 2083 sive
416 2049 462 2084 de
477 2049 700 2085 Luthersche
715 2050 867 2091 monick
879 2053 1090 2084 vocaretur.
1110 2051 1254 2092 quue,
1273 2052 1314 2083 ut
1331 2050 1524 2083 securitati
1543 2058 1631 2081 suae
1656 2058 1741 2080 con-

101 2105 255 2144 suleret,
282 2105 377 2138 elam
395 2115 434 2139 se
452 2106 631 2139 subduxit
654 2107 853 2148 positoque
870 2106 1084 2140 monachali
1109 2106 1253 2143 habitu,
1280 2115 1348 2147 per
1364 2105 1487 2138 varias
1513 2104 1739 2137 Hollandiac,

100 2162 270 2194 civitates
283 2161 479 2194 veritatem
493 2171 604 2202 quam
617 2163 882 2204 cognoscebat,
898 2162 1128 2194 annunciare
1142 2161 1319 2196 instituit.
1336 2160 1532 2202 speciatim
1551 2158 1739 2200 Delphen-

101 2217 204 2249 sibus
218 2217 273 2257 (ut
288 2217 364 2258 Jam
382 2219 493 2249 antea
506 2217 758 2258 observatum)
776 2219 897 2250 facem
914 2217 1054 2259 prioris
1072 2217 1266 2249 doctrinae
1285 2216 1536 2248 accendendo.
1555 2214 1599 2247 In
1617 2215 1740 2256 ipsum

102 2272 201 2304 serio
217 2272 436 2312 inquisitum
465 2272 582 2304 fuisse
606 2281 704 2305 anno
730 2272 826 2311 1528,
853 2272 1048 2314 proposito
1074 2272 1242 2314 praemio
1268 2281 1289 2304 a
1306 2271 1412 2303 curia
1429 2270 1665 2307 Hollandica,
1693 2278 1740 2301 ex

102 2327 195 2359 actis
212 2327 380 2368 ejusdem
398 2326 545 2367 liquere
563 2326 654 2360 alias
673 2328 880 2360 ostendam.
900 2328 1005 2360 Abiit
1020 2329 1154 2368 postea
1169 2327 1478 2369 Argentoratum,
1498 2325 1561 2358 ubi
1579 2327 1619 2357 ut
1636 2323 1741 2357 fami-

64 2427 67 2429 ,
102 2381 249 2415 liariter
266 2391 351 2415 eum
369 2382 472 2414 novit
489 2382 678 2415 Gerardus
696 2383 966 2425 Noviomagus,
986 2383 1039 2415 ita
1055 2383 1195 2415 ibidem
1219 2383 1390 2414 mortuus
1407 2382 1475 2414 est.

451 2459 499 2492 M.
528 2459 772 2499 Schoockius,
799 2461 907 2495 Lz‘ber
923 2460 968 2494 de
984 2460 1088 2494 bonis
1105 2459 1217 2503 vulyo
1235 2458 1488 2492 ecclesiasticis
1511 2457 1620 2492 dictis
1633 2457 1738 2499 (Gro-

495 2516 636 2558 ningen
656 2515 767 2557 1651),
787 2516 857 2548 blz.
878 2516 941 2548 479
958 2525 1005 2548 en
1022 2515 1103 2555 752st
1123 2516 1177 2548 zie
1192 2515 1237 2547 de
1262 2514 1371 2556 Hoop
1397 2513 1576 2552 Seheffer,
1595 2512 1665 2545 blz.
1683 2512 1738 2551 62,

494 2570 549 2609 63,
568 2570 610 2603 82
635 2580 682 2604 011
707 2570 760 2610 83,
787 2571 863 2609 350,
894 2571 969 2609 356,
989 2570 1064 2609 533,
1084 2570 1169 2611 538;
1189 2569 1354 2602 alsmede
1372 2569 1509 2613 Corpus
1526 2568 1556 2607 I,
1585 2567 1635 2600 bl.
1655 2567 1738 2608 4983

496 2626 551 2658 zie
570 2626 644 2658 ook
658 2636 727 2659 een
754 2626 892 2659 artikel
910 2636 980 2658 van
1005 2626 1051 2658 de
1069 2625 1178 2667 Hoop
1198 2625 1366 2658 Scheffer
1393 2624 1431 2657 in
1460 2624 1548 2656 Kist
1570 2632 1616 2656 en
1635 2622 1738 2661 Moll,

497 2679 798 2716 Kerkhistorisch
821 2680 977 2724 archief,
1005 2680 1086 2713 (1001
1116 2681 1178 2719 IV,
1209 2680 1278 2712 blz.
1308 2680 1396 2715 1-22.
1422 2697 1465 2702 —
1489 2678 1532 2712 In
1558 2679 1654 2720 zijne
1680 2677 1741 2711 Ge-

496 2734 705 2770 schiedenis
722 2736 785 2778 (bl.
805 2736 859 2775 622,
879 2746 925 2769 en
942 2735 999 2777 63)
1017 2737 1101 2778 zcgt
1119 2736 1163 2768 de
1182 2735 1290 2776 Hoop
1309 2735 1488 2773 Schefl'er,
1508 2735 1571 2767 dat
1595 2734 1639 2766 de
1657 2742 1742 2765 aan-

500 2791 755 2834 teekeningen
779 2801 826 2825 011
851 2791 1029 2830 stukken,
1048 2800 1199 2832 waarop
1218 2790 1450 2823 Schoockins
1473 2789 1554 2821 zieh
1570 2789 1740 2829 beroem,

497 2846 591 2879 zoek
619 2847 780 2890 geraakt
803 2847 889 2889 zijn,
909 2856 956 2879 en
974 2847 1038 2879 dat
1054 2846 1099 2888 zij
1120 2846 1198 2878 zicb
1216 2845 1383 2878 wellicht
1400 2845 1602 2877 bevonden-
1625 2843 1743 2875 onder

498 2901 544 2934 de
568 2902 747 2944 papieren
773 2902 866 2934 door
895 2901 980 2935 hem
999 2902 1035 2934 te
1054 2901 1260 2935 Franksort
1283 2909 1353 2934 aan
1378 2901 1449 2934 den
1468 2899 1568 2934 Oder
1592 2899 1642 2940 bij
1669 2898 1741 2939 zijn

499 2956 707 2999 overlijden
723 2958 762 2991 in
788 2957 872 2991 1669
890 2956 1102 3001 nagelaten.
