2096 3481
356 316 417 348 130
1038 312 1173 347 ANNO
1201 311 1282 345 15:22

396 424 610 456 Vestrarum
629 423 922 456 dominationum
936 421 1167 455 dilectissimi
1185 423 1393 455 confratres
1410 421 1539 454 vicarii
1557 421 1696 455 domini
1710 423 1827 456 nostri
1841 423 1969 458 Came-

352 478 515 512 racensis
533 478 732 511 Bruxellac
750 477 972 510 residentes,

697 549 943 591 Koninklijkc
972 549 1211 583 Bibliotheck
1239 552 1275 583 tc
1304 549 1468 588 BrusseI,
1502 549 1747 583 Handschrift
1778 557 1817 584 n1·
1846 551 1965 591 16315,

739 604 804 637 161.
822 605 878 636 33e
907 613 952 637 en
969 613 1089 642 verSO,
1115 604 1179 637 fol.
1199 604 1275 643 4ssd3
1295 605 1402 636 reeds
1426 605 1630 646 afgedrukt
1652 605 1701 646 bij
1722 606 1960 645 Diercxsens,

738 661 950 702 Antverpz'a,
970 659 1051 692 dccl
1076 659 1142 697 ΙΙΙ,
1161 659 1229 691 blz.
1249 660 1324 697 362,
1343 658 1418 691 363.
1439 659 1536 700 (Ook
1563 660 1832 701 afgeschreven
1850 661 1888 694 in
1902 661 1968 694 het

738 714 810 746 HS.
827 714 1050 749 Vcrdussen.
1070 715 1127 746 ter
1145 713 1488 746 Stadsbibliothcek
1506 724 1575 746 van
1600 714 1858 757 Antwerpen.)

1100 852 1193 896 90.

416 980 552 1025 1522,
580 974 683 1016 Julz'
711 978 784 1024 14,
811 973 970 1015 Βαβαῖ.
999 969 1261 1013 Uittreksels
1279 969 1342 1013 uit
1364 983 1499 1013 eenen
1522 969 1637 1012 brief
1648 983 1731 1012 van
1754 969 1965 1014 Erasmus

347 1052 429 1081 aan
450 1039 573 1081 Joost
596 1039 826 1087 Laurensz,
851 1035 1086 1077 voorzitter
1110 1047 1194 1076 van
1217 1034 1299 1076 den
1321 1033 1514 1077 Grooten
1539 1034 1658 1077 Raad
1684 1047 1766 1076 van
1791 1033 1966 1076 Meche·

349 1108 434 1158 len,
471 1119 574 1149 over
607 1105 658 1148 de
679 1102 1086 1158 kettervervolging
1125 1102 1170 1144 in
1201 1101 1253 1145 de
1290 1102 1610 1152 Nederlanden‚
1643 1115 1696 1144 en
1737 1101 1788 1144 de
1819 1101 1965 1145 blinde

350 1174 589 1218 woestheid
613 1187 694 1216 van
731 1173 782 1216 de
815 1171 1095 1227 inquisiteurs
1118 1171 1316 1214 Nicolaas
1335 1185 1420 1213 van
1437 1171 1630 1226 Egmond
1654 1185 1707 1213 en
1725 1169 1858 1214 Jacob
1882 1183 1967 1213 van

349 1245 660 1298 Hoogstraten.
707 1267 759 1274 —
778 1240 847 1297 Hij
874 1239 1073 1283 wenscht
1093 1239 1215 1282 Joost
1232 1240 1452 1282 Laurensz
1471 1253 1523 1282 en
1547 1239 1640 1282 zich
1657 1239 1808 1282 zelven
1834 1237 1964 1294 geluk

349 1325 452 1354 over
469 1312 592 1354 dezes
611 1310 873 1365 aanstelling
890 1309 954 1351 als
973 1308 1360 1363 opperinquisiteur
1379 1307 1455 1350 der
1470 1308 1768 1360 Lutheranen,
1781 1307 1886 1350 daar
1903 1306 1962 1363 hij

349 1394 400 1436 op
419 1380 468 1436 zij
479 1393 529 1421 ne
548 1378 744 1435 wijsheid
768 1391 822 1420 en
841 1376 1069 1420 zachtheid
1092 1375 1248 1418 rekent
1281 1389 1348 1418 om
1371 1380 1414 1419 te
1437 1376 1643 1427 beletten‚
1677 1377 1752 1420 dat
1775 1389 1968 1419 eerzame

349 1463 404 1491 en
427 1448 624 1504 geleerde
648 1446 829 1502 burgers
852 1460 933 1488 aan
957 1445 1039 1488 den
1072 1445 1176 1488 haat
1200 1458 1285 1488 van
1319 1445 1555 1501 sommigen
1578 1445 1759 1488 worden
1783 1443 1967 1501 prijsge—

349 1530 558 1573 gegeven.
583 1516 789 1558 Iedereen
832 1515 940 1557 kent
961 1514 1136 1556 immers
1169 1513 1220 1556 de
1243 1513 1543 1569 hardnekkige
1575 1513 1860 1571 hatelitheid
1884 1526 1967 1555 van

349 1588 547 1633 Nicolaas
567 1601 651 1630 van
674 1586 882 1643 Egmond.
911 1587 999 1628 Ten
1018 1590 1176 1641 gunste
1200 1599 1282 1628 van
1315 1589 1430 1628 twee
1448 1586 1681 1641 vervolgde
1703 1588 1965 1640 Antwerpe-

350 1670 479 1700 naars
507 1656 724 1712 (Nicolaas
761 1668 847 1698 van
884 1654 916 1696 's
947 1653 1303 1710 Hertogenbosch
1342 1668 1394 1696 en
1427 1653 1650 1698 Cornelius
1688 1654 1916 1710 Grapheus
1929 1653 1966 1710 ?)

350 1726 493 1769 treedt
516 1725 574 1782 hij
602 1738 669 1780 op.
696 1723 784 1767 Ook
821 1724 1071 1765 hemzelven
1104 1723 1169 1766 zal
1198 1723 1322 1766 Joost
1353 1724 1572 1766 Laurensz
1594 1725 1725 1780 tegen
1748 1723 1799 1766 de
1823 1722 1966 1778 inqui-

350 1796 507 1838 siteurs
529 1794 726 1838 Nicolaas
754 1805 838 1834 van
870 1792 1065 1848 Egmond
1098 1805 1151 1834 en
1173 1791 1305 1835 Jacob
1339 1806 1421 1835 van
1445 1792 1738 1848 Hoogstraten
1771 1791 1965 1835 wellicht

353 1868 522 1906 moeten
548 1862 848 1905 beschermen.

393 1952 569 1986 Erasmus
585 1951 741 1989 Jodoem
760 1952 911 1983 senatus
929 1949 1211 1983 Mechliniensis
1228 1950 1405 1992 praesidi,
1424 1950 1460 1983 S.
1481 1950 1524 1983 D.

393 2008 513 2040 Audio
546 2012 583 2039 et
613 2007 781 2047 profecto
813 2006 958 2048 gaudeo
987 2014 1033 2038 ex
1065 2005 1201 2044 animo,
1234 2006 1291 2037 vir
1323 2005 1470 2043 eximie,
1503 2013 1685 2037 summam
1709 2005 1970 2038 auctoritatem

352 2062 556 2095 Lutherani
580 2061 723 2103 negotii
747 2060 992 2093 excellentiae
1010 2062 1096 2093 tuae
1120 2069 1202 2093 esse
1227 2060 1474 2098 commissam,
1494 2068 1604 2100 quam
1629 2069 1699 2102 ego
1717 2060 1803 2092 novi
1819 2061 1971 2102 praeter

353 2117 559 2150 absolutam
589 2116 924 2157 jurisprudentiam
954 2116 1075 2147 virum
1106 2116 1266 2157 integris
1307 2115 1474 2147 moribus
1505 2123 1722 2155 summaque
1759 2115 1972 2157 praeditum

355 2173 552 2212 aequitate.
572 2171 679 2209 Nam,
698 2173 739 2203 ut
756 2170 876 2202 danda
899 2172 956 2203 est
977 2179 1093 2212 opera
1109 2179 1181 2211 quo
1199 2170 1355 2202 Lutheri
1371 2170 1484 2202 factio
1502 2170 1682 2211 sopiatur,
1696 2170 1750 2202 ita
1765 2170 1971 2203 cavendum

355 2232 411 2259 est
428 2236 473 2259 116
489 2227 578 2258 boni
594 2226 664 2257 viri
682 2227 719 2258 et
735 2226 810 2257 suis
832 2224 1023 2258 laboribus
1041 2225 1086 2258 de
1103 2225 1236 2258 studiis
1253 2224 1412 2267 publicis
1428 2225 1652 2257 benemeriti
1676 2225 1859 2258 dedantur
1883 2234 1971 2266 quo-

355 2282 511 2314 rundam
529 2281 684 2322 privatis
701 2281 809 2312 odiis.

399 2336 575 2369 Nicolaus
599 2335 876 2378 Egmondanus,
896 2344 1004 2367 nemo
1022 2337 1079 2368 est
1095 2335 1251 2368 Lovanii
1274 2335 1338 2376 qui
1361 2335 1503 2367 nesciat
1519 2344 1629 2376 quam
1653 2335 1702 2367 sit
1724 2334 1835 2367 homo
1859 2335 1973 2376 perti-

357 2392 456 2423 nacis
474 2395 510 2424 ct
526 2391 682 2422 vindicis
707 2391 832 2428 animi,
852 2390 882 2422 si
900 2390 1114 2431 conceperit
1138 2391 1264 2422 odium
1287 2391 1325 2422 in
1350 2390 1512 2430 aliquem
1517 2415 1740 2422 .......
1766 2390 1901 2423 Nescio
1926 2399 1973 2423 an

356 2449 467 2488 agant
481 2447 674 2478 adversum
689 2455 746 2478 me
764 2454 808 2478 ex
823 2445 943 2477 edicto
959 2445 1140 2478 Caesaris.
1157 2446 1265 2478 Certe
1280 2446 1442 2478 edictum
1455 2445 1548 2477 illud
1563 2448 1794 2486 postremum
1810 2445 1883 2477 huc
1899 2453 1973 2478 non

355 2502 525 2543 pervenit
542 2510 608 2533 nec
632 2510 794 2540 unquam
818 2499 966 2541 publice
991 2502 1055 2532 aut
1077 2501 1251 2541 privatim
1275 2501 1348 2532 fuit
1372 2500 1591 2533 exhibitum.
1611 2499 1733 2538 Quare
1758 2501 1794 2532 te
1819 2508 1971 2540 quaeso,

357 2557 413 2588 vir
429 2556 594 2597 egregie,
614 2562 653 2587 ut
671 2558 733 2587 tua
751 2556 937 2595 aequitate
954 2555 1112 2587 istorum
1129 2556 1255 2587 odium
1272 2557 1309 2587 et
1326 2555 1568 2587 acerbitatem
1585 2556 1771 2595 temperes
1777 2579 1842 2587 .....

401 2611 483 2643 Non
510 2620 579 2652 ago
609 2620 705 2642 1111116
729 2619 878 2642 causam
902 2609 1063 2652 N[icolai
1080 2608 1105 2652 Ζ]
1131 2609 1445 2652 B[uscoducensis
1462 2608 1506 2652 ?],
1533 2619 1617 2642 nam
1642 2610 1767 2641 nescio
1797 2609 1885 2650 quid
1908 2608 1972 2654 ille

359 2668 549 2698 confessus
571 2666 629 2697 sit.
650 2665 746 2697 Illud
771 2665 860 2703 scio,
880 2674 953 2696 non
975 2665 1091 2696 fuisse
1114 2665 1342 2705 Antverpiae
1359 2665 1479 2696 virum
1502 2665 1668 2696 moribus
1691 2664 1974 2705 incorruptiori-

358 2721 425 2753 bus
451 2724 487 2753 et
518 2721 720 2762 gratiorem
748 2720 889 2751 civibus
917 2720 1112 2761 magisque
1136 2720 1389 2752 necessarium
1418 2719 1648 2760 reipublicae
1671 2719 1708 2751 in
1734 2718 1973 2752 instituendis

359 2777 496 2817 pua-ris.
531 2776 608 2808 Nec
648 2776 692 2807 dc
731 2775 877 2816 collega
907 2774 1009 2806 illius
1042 2773 1229 2816 [Cornelio
1263 2773 1472 2817 Graphe02]
1503 2774 1723 2815 pronuncio,
1750 2783 1834 2806 nam
1872 2773 1974 2806 illius

359 2840 519 2868 causam,
546 2831 641 2870 quod
674 2830 879 2862 Lutherum
904 2831 1048 2867 attinet,
1080 2839 1153 2861 non
1186 2830 1283 2861 novi.
1317 2829 1415 2861 Illud
1447 2830 1535 2867 scio,
1561 2829 1682 2860 virum
1709 2837 1791 2861 esse
1818 2827 1974 2869 pulchre

360 2886 518 2923 doctum,
535 2885 733 2917 multarum
750 2885 963 2926 linguarum
980 2885 1154 2925 peritum,
1173 2885 1339 2916 moribus
1357 2885 1525 2922 sinceris,
1545 2884 1617 2916 nisi
1635 2883 1733 2924 quod
1750 2884 1807 2915 est
1822 2883 1973 2925 linguae

358 2939 555 2971 liberioris.
583 2940 625 2972 In
650 2939 747 2971 hunc
770 2940 1036 2981 Egmondanus
1061 2940 1159 2972 haud
1184 2940 1295 2971 dubie
1320 2940 1466 2971 saevior
1490 2939 1573 2977 fuit,
1600 2938 1699 2979 quod
1725 2938 1899 2979 privatim
1926 2937 1971 2970 ab

360 2993 424 3026 illo
441 2995 573 3027 fuisset
595 2994 727 3026 laesus.
748 2995 865 3027 Nemo
891 2995 1009 3026 nescit
1033 2994 1102 3026 hoc
1126 3003 1239 3036 agere
1264 2994 1531 3026 Hochstratum
1556 2995 1593 3026 et
1617 2992 1913 3035 Egmondanum‚
1932 2992 1974 3024 ut
