2096 3481
353 269 412 301 134
925 262 1061 296 ANNO
1088 262 1183 300 1522,
1211 261 1417 298 1521-1522·

397 377 433 409 si
453 376 671 417 escripuons
700 374 979 415 presentement
1010 373 1031 405 -ξι
1054 381 1119 404 voz
1150 371 1356 409 haulteurs‚
1375 370 1568 412 supplians
1595 378 1641 404 en
1670 370 1773 404 toute
1796 368 1969 404 humilite

354 431 429 473 quil
449 440 539 463 vous
557 430 673 472 plaise
700 429 745 461 de
769 429 893 460 vostre
917 427 1040 460 bonne
1065 436 1176 470 grace
1201 435 1296 468 pour
1319 426 1354 458 le
1370 426 1457 458 bien
1474 427 1512 459 et
1528 425 1807 468 augmentation
1825 425 1870 458 de
1893 423 1966 458 lad.

354 485 603 518 reforniacion
619 494 664 517 en
684 485 835 517 eussent
851 484 976 515 vostre
993 490 1184 524 promesse
1202 482 1282 513 tant
1294 481 1389 513 faire
1407 480 1538 513 devers
1556 480 1720 512 nostred.
1736 479 1772 513 S>t
1784 479 1882 513 Pere
1898 487 1970 520 que

352 541 489 572 indicte
508 540 681 575 election,
701 538 735 571 le
761 538 923 579 plustost
948 536 1025 578 quil
1049 545 1133 569 sera
1156 535 1333 578 possible,
1359 535 1485 576 puisse
1510 535 1609 567 estre
1633 534 1846 573 confirmee,
1870 533 1972 567 ratif-

353 597 421 627 iifl-0
439 596 476 627 et
493 595 703 636 approuvee
730 602 841 633 aveeq
861 591 931 624 ielz
949 592 1100 628 droictz,
1127 590 1282 623 libertez
1299 591 1336 622 et
1352 589 1555 631 privileges
1573 597 1717 622 comme
1745 589 1894 630 dessus3
1922 597 1970 621 en

351 660 448 691 quoy
466 650 601 681 faisant
620 650 719 681 ferez
737 647 880 680 service
905 645 1108 689 aggreable
1126 646 1147 678 a
1164 646 1271 683 Dieu,
1291 646 1328 677 et
1344 645 1365 677 ἐι
1382 653 1474 676 nous
1492 643 1568 676 tres
1593 643 1776 686 singulier
1799 643 1971 676 honneur

351 708 386 738 et
412 704 554 746 plaisir,
582 703 704 744 lequel
722 702 878 735 voulons
895 701 1181 743 recongnoistre
1200 700 1244 732 de
1262 700 1344 732 tout
1360 700 1488 731 nostre
1504 698 1636 740 povoir
1652 699 1674 731 ὲ,
1688 697 1795 740 layde
1813 697 1858 731 de
1874 697 1970 731 Dieu

353 762 480 793 nostre
508 760 680 791 createur
698 767 769 798 que
786 766 889 803 vous,
919 765 978 788 ma
1006 755 1082 788 tres
1099 755 1304 787 redoubtee
1333 754 1451 792 (lame,
1478 753 1541 795 ayt
1563 761 1609 786 en
1626 761 1668 785 sa
1683 753 1824 786 saincte
1840 752 1968 796 garde.

396 815 543 855 Escript
562 814 581 846 ’ξι
595 813 711 847 Gand,
730 811 764 844 le
781 816 864 844 v11Je
880 811 965 851 jour
979 810 1110 842 daoust
1125 815 1191 842 xvc
1207 810 1244 842 et
1267 817 1362 842 xxm.

399 867 469 899 Les
498 870 580 898 tous
604 868 747 898 vostres
773 866 849 897 tres
877 863 1048 897 humbles
1076 866 1114 897 et
1136 863 1382 897 bienveillans
1410 863 1613 896 serviteurs
1633 861 1750 901 bailli,
1777 860 1971 895 eschevins

355 922 418 954 (les
437 922 532 953 deux
550 921 662 953 bancs
680 922 717 953 et
748 920 844 953 deux
864 920 1004 961 doyens
1036 919 1081 952 de
1112 918 1149 951 la
1174 918 1262 951 ville
1280 917 1325 951 de
1353 918 1469 956 Gand,
1498 916 1723 960 appareillez
1750 917 1772 950 ὲ,
1797 925 1862 950 vos
1876 915 1971 950 bons

353 976 504 1018 plaisirs
522 977 559 1008 et
575 976 730 1008 service.

698 1057 954 1099 Rijksarchief
971 1057 1007 1090 te
1025 1056 1190 1094 Brussel,
1210 1055 1266 1088 los
1282 1055 1382 1094 bled,
1400 1064 1560 1098 vroeger
1582 1055 1621 1087 in
1638 1055 1856 1088 Documents
1876 1052 1973 1088 rela-

741 1112 802 1154 tifs
814 1116 836 1145 ὰ
853 1112 890 1145 la
907 1112 1080 1157 Reforme
1094 1110 1298 1155 religieuse,
1319 1109 1400 1143 deel
1418 1110 1447 1148 I,
1465 1109 1531 1142 fol.
1552 1109 1569 1142 1
1587 1109 1781 1151 (Archives
1798 1109 1973 1142 alleman-

743 1168 834 1208 des);
847 1168 1005 1200 waaruit
1017 1175 1087 1200 een
1100 1165 1203 1199 klein
1217 1164 1415 1198 uittreksel
1430 1165 1477 1206 bij
1494 1164 1638 1203 Henne,
1648 1163 1731 1198 deel
1744 1163 1806 1203 IV,
1814 1164 1885 1197 blz.
1894 1163 1970 1203 309,

745 1225 835 1256 noot
859 1223 889 1255 1.
907 1241 950 1246 -
967 1222 1041 1255 Het
1066 1221 1224 1263 kapittel
1241 1221 1345 1253 werd
1369 1221 1405 1252 te
1429 1219 1641 1252 Dordrecht
1664 1228 1710 1261 op
1735 1219 1807 1252 den
1829 1219 1973 1262 zondag

749 1288 797 1311 na
827 1276 1262 1319 Maria-Magdalenadag
1293 1274 1348 1316 (27
1377 1275 1399 1308 J
1404 1273 1469 1315 uli)
1501 1274 1712 1316 gehouden.
1744 1273 1870 1307 Reeds
1901 1274 1973 1307 den

747 1334 766 1365 5
783 1334 873 1366 Juni
891 1333 1039 1365 schreef
1062 1331 1204 1364 Luther
1227 1331 1265 1363 in
1290 1339 1408 1363 eenen
1432 1330 1530 1362 brief
1546 1338 1615 1362 aan
1632 1328 1844 1371 Spalatinus
1863 1338 1872 1361 z
1891 1343 1907 1357 n
1925 1329 1975 1362 Et

745 1389 863 1421 saevit
890 1388 1025 1421 Caesar
1048 1386 1309 1428 prohibetque,
1328 1393 1375 1417 ne
1400 1384 1518 1416 nostri
1540 1385 1676 1417 fratres
1701 1383 1747 1416 ad
1770 1382 1974 1425 capitulum

747 1443 876 1475 vicarii
900 1442 1083 1475 venirent.
1104 1456 1119 1469 n
1146 1441 1218 1473 Dat
1241 1439 1399 1481 kapittel
1422 1439 1526 1472 werd
1541 1439 1578 1472 te
1595 1438 1760 1471 Grimma
1774 1438 1814 1470 in
1831 1437 1973 1471 Saksen

747 1507 792 1539 op
825 1497 1079 1538 Pinksterdag
1110 1495 1144 1537 (8
1173 1494 1196 1528 J
1200 1494 1276 1536 uni)
1315 1493 1527 1537 gehouden.
1561 1493 1663 1526 Door
1692 1493 1809 1526 nostri
1838 1492 1974 1536 fratres

745 1551 896 1585 bedoelt
907 1551 1049 1584 Luther
1060 1551 1105 1583 de
1119 1547 1424 1583 Nederlandsche
1435 1548 1594 1591 augustij
1601 1556 1685 1581 nen.
1697 1546 1754 1589 (E.
1763 1546 1804 1580 L.
1814 1546 1971 1586 Enders‚

745 1605 915 1642 Luther’s
935 1603 1201 1650 Briefwechsel,
1220 1604 1302 1638 (leel
1319 1603 1387 1642 ΙΙΙ,
1405 1602 1475 1636 blz,
1493 1602 1586 1643 396.)

1120 1760 1206 1805 92.

429 1908 720 1953 1521-1522,
744 1902 984 1958 Auqustzcs
1008 1905 1080 1950 12,
1104 1900 1308 1955 Bruyqe.
1337 1893 1580 1936 Uittreksel
1604 1892 1668 1936 uit
1689 1891 1741 1934 de
1762 1892 1975 1948 rekening

357 1989 439 2018 van
463 1975 542 2017 den
566 1975 718 2017 schout
741 1987 844 2015 over
866 1973 943 2015 het
965 1985 1047 2014 aan
1065 1971 1117 2012 de
1135 1970 1246 2012 kaak
1266 1970 1421 2012 stellen
1445 1982 1530 2011 van
1553 1981 1689 2011 eenen
1714 1967 1889 2010 monnik
1911 1966 1974 2010 uit

356 2043 670 2086 Oudenaarde’s
702 2041 950 2084 omstreken
982 2040 1047 2082 als
1079 2038 1331 2093 aanhanger
1362 2051 1447 2080 van
1480 2037 1647 2081 Luther
1676 2050 1730 2079 en
1762 2049 1869 2080 over
1897 2035 1976 2078 het

353 2111 626 2154 verbranden
659 2125 743 2153 van
780 2110 873 2153 veel
907 2107 1177 2152 Luthersche
1209 2106 1374 2149 boeken
1409 2119 1463 2149 en
1503 2119 1589 2148 van
1622 2119 1698 2148 een
1734 2103 1857 2148 beeld
1889 2117 1972 2147 van

355 2181 533 2222 Luther.

398 2270 513 2302 Audit
530 2269 683 2301 maistre
699 2267 859 2305 Wesse1‚
878 2276 973 2309 pour
991 2267 1093 2300 avoir
1110 2267 1180 2298 mis
1197 2274 1261 2298 sur
1274 2275 1352 2307 ung
1368 2265 1521 2297 schavot
1546 2273 1591 2297 au
1609 2265 1732 2306 bourg
1762 2263 1807 2296 de
1828 2263 1974 2306 Bruges

356 2335 432 2366 ung
450 2324 649 2366 religieulx
679 2324 723 2356 de
755 2323 890 2364 aupres
908 2323 953 2354 de
979 2322 1216 2359 Audenarde,
1235 2321 1257 2353 ὲ,
1272 2319 1437 2362 publyek
1454 2320 1499 2352 de
1523 2320 1678 2357 chacun,
1701 2328 1797 2360 pour
1819 2328 1862 2351 ce
1886 2316 1974 2359 qu'il

356 2380 468 2411 estoit
485 2379 579 2411 dela
596 2378 749 2419 querele
764 2378 809 2409 de
826 2378 952 2415 Luter,
971 2378 1066 2418 paye
1090 2385 1139 2408 xx
1153 2386 1181 2408 s.
1200 2384 1280 2417 par.

401 2434 513 2466 Audit
530 2442 626 2474 pour
642 2433 745 2465 avoir
762 2433 831 2464 fait
847 2431 1063 2464 lexecueion
1080 2440 1147 2473 par
1164 2430 1199 2463 10
1215 2431 1277 2463 feu
1295 2430 1340 2462 de
1365 2429 1526 2472 grandes
1552 2427 1769 2461 multitudes
1801 2427 1846 2460 de
1861 2426 1974 2460 livres

360 2498 404 2520 en
422 2490 574 2529 pre-ntes
593 2488 637 2520 (10
654 2487 691 2519 la
708 2487 876 2519 doctrine
890 2487 995 2519 dudit
1010 2486 1138 2524 Luter,
1156 2486 1251 2527 paye
1268 2493 1312 2518 11J
1328 2484 1377 2516 lb.
1397 2493 1475 2525 par.

399 2543 512 2575 Audit
529 2551 623 2584 pour
648 2541 702 2575 les
718 2550 878 2574 mesmes
895 2541 1081 2574 instances
1113 2541 1217 2573 avoir
1232 2539 1359 2572 brusle
1386 2539 1424 2571 la
1450 2539 1571 2581 figure
1588 2537 1694 2570 dudit
1708 2537 1850 2570 Luther
1873 2537 1912 2569 et
1936 2534 1972 2569 le

355 2599 435 2629 tout
454 2607 498 2629 en
513 2597 707 2629 ensievant
723 2598 762 2629 et
788 2605 856 2637 par
869 2597 1044 2629 sentence
1063 2595 1109 2628 de
1125 2594 1339 2636 lempereur
1357 2595 1483 2626 nostre
1512 2593 1587 2625 sire
1604 2593 1641 2625 et
1664 2592 1710 2624 de
1727 2601 1793 2624 son
1817 2589 1970 2630 consefl,

355 2661 397 2684 ιω
414 2651 463 2683 lb.
483 2661 561 2693 par.

400 2707 513 2738 Audit
530 2715 625 2747 pour
640 2707 764 2748 fagots
783 2706 820 2738 et
836 2705 976 2738 estrain
994 2714 1015 2737 a
1030 2704 1179 2737 brusler
1195 2703 1325 2736 lesdits
1341 2703 1467 2741 livres,
1485 2711 1591 2735 xcms
1607 2711 1635 2734 s.
1653 2710 1733 2743 par.

704 2779 962 2820 Rijksarchief
989 2780 1026 2811 te
1057 2778 1223 2816 Brussel,
1259 2778 1403 2821 Compte
1437 2776 1481 2810 de
1509 2776 1666 2820 Jacques
1706 2773 1751 2808 de
1786 2772 1972 2814 Halewin,

744 2836 896 2867 ecouteee
913 2833 957 2867 de
972 2834 1126 2877 Bruyes,
1162 2832 1311 2866 4524-42
1341 2835 1426 2865 aem
1445 2831 1540 2870 4522,
1559 2831 1614 2872 (n0
1632 2829 1762 2870 13783),
1791 2829 1855 2861 fol.
1873 2827 1895 2860 6
1923 2836 1971 2860 en

746 2898 875 2929 verso3
919 2888 1162 2930 gedeeltelijk
1200 2886 1432 2930 aangehaald
1483 2886 1575 2918 door
1609 2885 1754 2923 Henne,
1787 2883 1869 2917 (1001
1908 2883 1969 2922 IV,

745 2942 815 2975 blz.
831 2942 906 2981 309,
922 2944 1011 2975 noot
1042 2943 1073 2974 2.
1949 2938 1955 2944 ⁴
