<?xml version="1.0" encoding="UTF-8"?>
<!DOCTYPE html PUBLIC "-//W3C//DTD XHTML 1.0 Transitional//EN"
    "http://www.w3.org/TR/xhtml1/DTD/xhtml1-transitional.dtd">
<html xmlns="http://www.w3.org/1999/xhtml" xml:lang="en" lang="en">
 <head>
  <title>
</title>
<meta http-equiv="Content-Type" content="text/html;charset=utf-8" />
  <meta name='ocr-system' content='tesseract 3.04.00' />
  <meta name='ocr-capabilities' content='ocr_page ocr_carea ocr_par ocr_line ocrx_word'/>
</head>
<body>
  <div class='ocr_page' id='page_1' title='image "./corpusdocumentor04fruoft_0198.png"; bbox 0 0 2096 3481; ppageno 0'>
   <div class='ocr_carea' id='block_1_1' title="bbox 296 255 1231 295">
    <p class='ocr_par' dir='ltr' id='par_1_1' title="bbox 296 255 1231 295">
     <span class='ocr_line' id='line_1_1' title="bbox 296 255 1231 295; baseline -0.007 0"><span class='ocrx_word' id='word_1_1' title='bbox 296 263 356 295; x_wconf 69' lang='lat'>15?</span> <span class='ocrx_word' id='word_1_2' title='bbox 983 256 1120 291; x_wconf 90' lang='lat' dir='ltr'>ANNO</span> <span class='ocrx_word' id='word_1_3' title='bbox 1147 255 1231 288; x_wconf 76' lang='lat'>1522</span> 
     </span>
    </p>
   </div>
   <div class='ocr_carea' id='block_1_2' title="bbox 287 364 1916 766">
    <p class='ocr_par' dir='ltr' id='par_1_2' title="bbox 287 364 1916 766">
     <span class='ocr_line' id='line_1_2' title="bbox 293 364 1913 423; baseline -0.002 -10"><span class='ocrx_word' id='word_1_4' title='bbox 293 370 555 414; x_wconf 85' lang='lat' dir='ltr'>schilderen.</span> <span class='ocrx_word' id='word_1_5' title='bbox 571 393 622 400; x_wconf 90' lang='lat'>—</span> <span class='ocrx_word' id='word_1_6' title='bbox 643 369 708 412; x_wconf 85' lang='lat' dir='ltr'>Na</span> <span class='ocrx_word' id='word_1_7' title='bbox 727 380 832 412; x_wconf 87' lang='lat' dir='ltr'>eene</span> <span class='ocrx_word' id='word_1_8' title='bbox 849 365 1117 423; x_wconf 69' lang='lat' dir='ltr'>aanroeping</span> <span class='ocrx_word' id='word_1_9' title='bbox 1136 367 1200 412; x_wconf 82' lang='lat' dir='ltr'>tot</span> <span class='ocrx_word' id='word_1_10' title='bbox 1217 365 1325 415; x_wconf 90' lang='lat' dir='ltr'>God‚</span> <span class='ocrx_word' id='word_1_11' title='bbox 1347 364 1478 421; x_wconf 85' lang='lat' dir='ltr'>opdat</span> <span class='ocrx_word' id='word_1_12' title='bbox 1493 364 1554 422; x_wconf 84' lang='lat' dir='ltr'>hij</span> <span class='ocrx_word' id='word_1_13' title='bbox 1573 364 1743 409; x_wconf 86' lang='lat' dir='ltr'>iemand</span> <span class='ocrx_word' id='word_1_14' title='bbox 1761 364 1913 420; x_wconf 67' lang='lat' dir='ltr'>zende,</span> 
     </span>
     <span class='ocr_line' id='line_1_3' title="bbox 291 433 1916 493; baseline -0.003 -12"><span class='ocrx_word' id='word_1_15' title='bbox 291 440 358 482; x_wconf 86' lang='lat' dir='ltr'>die</span> <span class='ocrx_word' id='word_1_16' title='bbox 390 439 420 481; x_wconf 91' lang='lat' dir='ltr'>&#39;s</span> <span class='ocrx_word' id='word_1_17' title='bbox 439 438 617 480; x_wconf 87' lang='lat' dir='ltr'>Keizers</span> <span class='ocrx_word' id='word_1_18' title='bbox 649 435 913 493; x_wconf 70' lang='lat' dir='ltr'>gramschap⁴</span> <span class='ocrx_word' id='word_1_19' title='bbox 947 433 1079 486; x_wconf 86' lang='lat' dir='ltr'>stille,</span> <span class='ocrx_word' id='word_1_20' title='bbox 1123 433 1240 490; x_wconf 87' lang='lat' dir='ltr'>geeft</span> <span class='ocrx_word' id='word_1_21' title='bbox 1270 434 1501 489; x_wconf 87' lang='lat' dir='ltr'>Grapheus</span> <span class='ocrx_word' id='word_1_22' title='bbox 1540 447 1646 476; x_wconf 86' lang='lat' dir='ltr'>eene</span> <span class='ocrx_word' id='word_1_23' title='bbox 1673 433 1916 490; x_wconf 73' lang='lat' dir='ltr'>uitvoerige</span> 
     </span>
     <span class='ocr_line' id='line_1_4' title="bbox 290 501 1911 562; baseline -0.004 -13"><span class='ocrx_word' id='word_1_24' title='bbox 290 507 587 562; x_wconf 85' lang='lat' dir='ltr'>beschrijving</span> <span class='ocrx_word' id='word_1_25' title='bbox 608 519 691 547; x_wconf 86' lang='lat' dir='ltr'>van</span> <span class='ocrx_word' id='word_1_26' title='bbox 711 504 796 561; x_wconf 88' lang='lat' dir='ltr'>zijn</span> <span class='ocrx_word' id='word_1_27' title='bbox 821 503 952 561; x_wconf 84' lang='lat' dir='ltr'>lijden</span> <span class='ocrx_word' id='word_1_28' title='bbox 972 516 1027 546; x_wconf 88' lang='lat' dir='ltr'>en</span> <span class='ocrx_word' id='word_1_29' title='bbox 1051 503 1309 560; x_wconf 85' lang='lat' dir='ltr'>ziekelijken</span> <span class='ocrx_word' id='word_1_30' title='bbox 1329 501 1528 545; x_wconf 87' lang='lat' dir='ltr'>toestand</span> <span class='ocrx_word' id='word_1_31' title='bbox 1549 502 1592 544; x_wconf 88' lang='lat' dir='ltr'>in</span> <span class='ocrx_word' id='word_1_32' title='bbox 1615 501 1699 544; x_wconf 85' lang='lat' dir='ltr'>den</span> <span class='ocrx_word' id='word_1_33' title='bbox 1731 501 1911 553; x_wconf 86' lang='lat' dir='ltr'>kerker;</span> 
     </span>
     <span class='ocr_line' id='line_1_5' title="bbox 291 570 1915 632; baseline -0.002 -15"><span class='ocrx_word' id='word_1_34' title='bbox 291 589 408 619; x_wconf 84' lang='lat' dir='ltr'>maar</span> <span class='ocrx_word' id='word_1_35' title='bbox 431 575 489 632; x_wconf 90' lang='lat' dir='ltr'>hij</span> <span class='ocrx_word' id='word_1_36' title='bbox 515 575 578 617; x_wconf 78' lang='lat' dir='ltr'>zai</span> <span class='ocrx_word' id='word_1_37' title='bbox 603 573 692 616; x_wconf 89' lang='lat' dir='ltr'>niet</span> <span class='ocrx_word' id='word_1_38' title='bbox 717 573 980 628; x_wconf 87' lang='lat' dir='ltr'>wanhopen‚</span> <span class='ocrx_word' id='word_1_39' title='bbox 1002 571 1107 623; x_wconf 78' lang='lat' dir='ltr'>daar</span> <span class='ocrx_word' id='word_1_40' title='bbox 1128 571 1328 621; x_wconf 84' lang='lat' dir='ltr'>Christus</span> <span class='ocrx_word' id='word_1_41' title='bbox 1351 570 1407 627; x_wconf 85' lang='lat' dir='ltr'>bij</span> <span class='ocrx_word' id='word_1_42' title='bbox 1436 570 1535 613; x_wconf 90' lang='lat' dir='ltr'>hem</span> <span class='ocrx_word' id='word_1_43' title='bbox 1559 570 1595 612; x_wconf 91' lang='lat' dir='ltr'>is</span> <span class='ocrx_word' id='word_1_44' title='bbox 1612 570 1654 612; x_wconf 91' lang='lat' dir='ltr'>in</span> <span class='ocrx_word' id='word_1_45' title='bbox 1674 571 1729 614; x_wconf 88' lang='lat' dir='ltr'>de</span> <span class='ocrx_word' id='word_1_46' title='bbox 1751 583 1915 626; x_wconf 85' lang='lat' dir='ltr'>gevan-</span> 
     </span>
     <span class='ocr_line' id='line_1_6' title="bbox 287 638 1915 698; baseline -0.002 -11"><span class='ocrx_word' id='word_1_47' title='bbox 287 644 425 698; x_wconf 77' lang='lat' dir='ltr'>genis,</span> <span class='ocrx_word' id='word_1_48' title='bbox 448 644 533 686; x_wconf 87' lang='lat' dir='ltr'>Het</span> <span class='ocrx_word' id='word_1_49' title='bbox 556 641 807 698; x_wconf 83' lang='lat' dir='ltr'>klaagdicht</span> <span class='ocrx_word' id='word_1_50' title='bbox 827 642 964 685; x_wconf 83' lang='lat' dir='ltr'>wordt</span> <span class='ocrx_word' id='word_1_51' title='bbox 985 641 1136 697; x_wconf 86' lang='lat' dir='ltr'>hierop</span> <span class='ocrx_word' id='word_1_52' title='bbox 1161 640 1306 684; x_wconf 87' lang='lat' dir='ltr'>schier</span> <span class='ocrx_word' id='word_1_53' title='bbox 1327 653 1407 682; x_wconf 88' lang='lat' dir='ltr'>een</span> <span class='ocrx_word' id='word_1_54' title='bbox 1432 638 1662 682; x_wconf 86' lang='lat' dir='ltr'>triomflied</span> <span class='ocrx_word' id='word_1_55' title='bbox 1682 651 1691 682; x_wconf 92' lang='lat'>:</span> <span class='ocrx_word' id='word_1_56' title='bbox 1714 638 1915 688; x_wconf 77' lang='lat' dir='ltr'>Christus</span> 
     </span>
     <span class='ocr_line' id='line_1_7' title="bbox 288 707 1915 766; baseline -0.002 -11"><span class='ocrx_word' id='word_1_57' title='bbox 288 714 353 756; x_wconf 87' lang='lat' dir='ltr'>zal</span> <span class='ocrx_word' id='word_1_58' title='bbox 377 713 477 755; x_wconf 84' lang='lat' dir='ltr'>hem</span> <span class='ocrx_word' id='word_1_59' title='bbox 498 712 529 754; x_wconf 88' lang='lat' dir='ltr'>&#39;s</span> <span class='ocrx_word' id='word_1_60' title='bbox 557 711 735 754; x_wconf 87' lang='lat' dir='ltr'>Keizers</span> <span class='ocrx_word' id='word_1_61' title='bbox 757 709 924 766; x_wconf 79' lang='lat' dir='ltr'>genade</span> <span class='ocrx_word' id='word_1_62' title='bbox 946 723 1221 753; x_wconf 86' lang='lat' dir='ltr'>verwerven.</span> <span class='ocrx_word' id='word_1_63' title='bbox 1247 710 1414 764; x_wconf 83' lang='lat' dir='ltr'>Daarop</span> <span class='ocrx_word' id='word_1_64' title='bbox 1439 707 1560 763; x_wconf 80' lang='lat' dir='ltr'>volgt</span> <span class='ocrx_word' id='word_1_65' title='bbox 1583 720 1660 750; x_wconf 86' lang='lat' dir='ltr'>een</span> <span class='ocrx_word' id='word_1_66' title='bbox 1681 707 1824 751; x_wconf 85' lang='lat' dir='ltr'>loflied</span> <span class='ocrx_word' id='word_1_67' title='bbox 1845 710 1915 751; x_wconf 77' lang='lat' dir='ltr'>ter</span> 
     </span>
    </p>
   </div>
   <div class='ocr_carea' id='block_1_3' title="bbox 288 780 831 827">
    <p class='ocr_par' dir='ltr' id='par_1_3' title="bbox 288 780 831 827">
     <span class='ocr_line' id='line_1_8' title="bbox 288 780 831 827; baseline -0.004 -2"><span class='ocrx_word' id='word_1_68' title='bbox 288 796 386 825; x_wconf 88' lang='lat' dir='ltr'>eere</span> <span class='ocrx_word' id='word_1_69' title='bbox 416 794 501 827; x_wconf 86' lang='lat' dir='ltr'>van</span> <span class='ocrx_word' id='word_1_70' title='bbox 519 781 664 827; x_wconf 80' lang='lat' dir='ltr'>keizer</span> <span class='ocrx_word' id='word_1_71' title='bbox 679 780 831 823; x_wconf 85' lang='lat' dir='ltr'>Karel.</span> 
     </span>
    </p>
   </div>
   <div class='ocr_carea' id='block_1_4' title="bbox 312 898 1892 999">
    <p class='ocr_par' dir='ltr' id='par_1_4' title="bbox 312 898 1892 999">
     <span class='ocr_line' id='line_1_9' title="bbox 312 898 1892 945; baseline -0.002 -9"><span class='ocrx_word' id='word_1_72' title='bbox 312 902 474 936; x_wconf 80' lang='lat' dir='ltr'>Cornelii</span> <span class='ocrx_word' id='word_1_73' title='bbox 493 899 653 945; x_wconf 75' lang='lat' dir='ltr'>Graphei</span> <span class='ocrx_word' id='word_1_74' title='bbox 674 900 807 943; x_wconf 76' lang='lat' dir='ltr'>captivi</span> <span class='ocrx_word' id='word_1_75' title='bbox 822 898 873 933; x_wconf 85' lang='lat' dir='ltr'>ad</span> <span class='ocrx_word' id='word_1_76' title='bbox 889 899 1009 933; x_wconf 84' lang='lat' dir='ltr'>Deum</span> <span class='ocrx_word' id='word_1_77' title='bbox 1022 903 1093 943; x_wconf 76' lang='lat' dir='ltr'>opt.</span> <span class='ocrx_word' id='word_1_78' title='bbox 1113 909 1214 933; x_wconf 74' lang='lat' dir='ltr'>macc.</span> <span class='ocrx_word' id='word_1_79' title='bbox 1234 899 1466 943; x_wconf 81' lang='lat' dir='ltr'>querimonia</span> <span class='ocrx_word' id='word_1_80' title='bbox 1482 899 1524 932; x_wconf 80' lang='lat' dir='ltr'>in</span> <span class='ocrx_word' id='word_1_81' title='bbox 1539 899 1700 933; x_wconf 79' lang='lat' dir='ltr'>carceris</span> <span class='ocrx_word' id='word_1_82' title='bbox 1714 899 1892 945; x_wconf 59' lang='lat' dir='ltr'>angustia</span> 
     </span>
     <span class='ocr_line' id='line_1_10' title="bbox 833 952 1375 999; baseline -0.002 -12"><span class='ocrx_word' id='word_1_83' title='bbox 833 963 910 999; x_wconf 69' lang='lat' dir='ltr'>non</span> <span class='ocrx_word' id='word_1_84' title='bbox 926 955 1004 992; x_wconf 75' lang='lat' dir='ltr'>sine</span> <span class='ocrx_word' id='word_1_85' title='bbox 1021 952 1226 996; x_wconf 81' lang='lat' dir='ltr'><em>lachrymis</em></span> <span class='ocrx_word' id='word_1_86' title='bbox 1242 953 1375 996; x_wconf 82' lang='lat' dir='ltr'>effusa.</span> 
     </span>
    </p>
   </div>
   <div class='ocr_carea' id='block_1_5' title="bbox 283 1046 1912 1145">
    <p class='ocr_par' dir='ltr' id='par_1_5' title="bbox 283 1046 1912 1145">
     <span class='ocr_line' id='line_1_11' title="bbox 328 1046 1912 1095; baseline -0.002 -11"><span class='ocrx_word' id='word_1_87' title='bbox 328 1050 517 1095; x_wconf 76' lang='lat' dir='ltr'>D[omino]</span> <span class='ocrx_word' id='word_1_88' title='bbox 531 1050 696 1083; x_wconf 85' lang='lat' dir='ltr'>Gerardo</span> <span class='ocrx_word' id='word_1_89' title='bbox 711 1048 957 1091; x_wconf 85' lang='lat' dir='ltr'>Noviomago,</span> <span class='ocrx_word' id='word_1_90' title='bbox 975 1047 1291 1092; x_wconf 86' lang='lat' dir='ltr'>r[everendisimi]</span> <span class='ocrx_word' id='word_1_91' title='bbox 1316 1046 1487 1092; x_wconf 89' lang='lat' dir='ltr'>d[omini]</span> <span class='ocrx_word' id='word_1_92' title='bbox 1513 1048 1683 1090; x_wconf 83' lang='lat' dir='ltr'>episcopi.</span> <span class='ocrx_word' id='word_1_93' title='bbox 1698 1047 1912 1090; x_wconf 81' lang='lat' dir='ltr'>TraJ&#39;ecten-</span> 
     </span>
     <span class='ocr_line' id='line_1_12' title="bbox 283 1103 1039 1145; baseline -0.007 -5"><span class='ocrx_word' id='word_1_94' title='bbox 283 1108 335 1140; x_wconf 88' lang='lat' dir='ltr'>sis</span> <span class='ocrx_word' id='word_1_95' title='bbox 362 1116 382 1140; x_wconf 88' lang='lat' dir='ltr'>a</span> <span class='ocrx_word' id='word_1_96' title='bbox 405 1106 573 1143; x_wconf 85' lang='lat' dir='ltr'>secretis,</span> <span class='ocrx_word' id='word_1_97' title='bbox 600 1105 718 1137; x_wconf 82' lang='lat' dir='ltr'>amico</span> <span class='ocrx_word' id='word_1_98' title='bbox 743 1113 810 1137; x_wconf 92' lang='lat' dir='ltr'>suo</span> <span class='ocrx_word' id='word_1_99' title='bbox 845 1103 1039 1145; x_wconf 86' lang='lat' dir='ltr'>primario.</span> 
     </span>
    </p>
   </div>
   <div class='ocr_carea' id='block_1_6' title="bbox 491 1191 1619 2499">
    <p class='ocr_par' dir='ltr' id='par_1_6' title="bbox 503 1191 1435 1233">
     <span class='ocr_line' id='line_1_13' title="bbox 503 1191 1435 1233; baseline -0.005 -4"><span class='ocrx_word' id='word_1_100' title='bbox 503 1194 531 1230; x_wconf 94' lang='grc' dir='ltr'>Ο</span> <span class='ocrx_word' id='word_1_101' title='bbox 547 1194 673 1232; x_wconf 84' lang='lat' dir='ltr'>Pater,</span> <span class='ocrx_word' id='word_1_102' title='bbox 693 1202 713 1225; x_wconf 94' lang='grc' dir='ltr'>ο</span> <span class='ocrx_word' id='word_1_103' title='bbox 731 1201 859 1226; x_wconf 88' lang='lat' dir='ltr'>rerum</span> <span class='ocrx_word' id='word_1_104' title='bbox 877 1192 1051 1230; x_wconf 82' lang='lat' dir='ltr'>domitor,</span> <span class='ocrx_word' id='word_1_105' title='bbox 1076 1191 1141 1233; x_wconf 88' lang='lat' dir='ltr'>qui</span> <span class='ocrx_word' id='word_1_106' title='bbox 1156 1191 1280 1225; x_wconf 86' lang='lat' dir='ltr'>cernis</span> <span class='ocrx_word' id='word_1_107' title='bbox 1297 1191 1342 1224; x_wconf 86' lang='lat' dir='ltr'>ab</span> <span class='ocrx_word' id='word_1_108' title='bbox 1360 1191 1435 1224; x_wconf 91' lang='lat' dir='ltr'>alto</span> 
     </span>
    </p>

    <p class='ocr_par' dir='ltr' id='par_1_7' title="bbox 498 1246 1619 1619">
     <span class='ocr_line' id='line_1_14' title="bbox 502 1246 1490 1290; baseline -0.004 -8"><span class='ocrx_word' id='word_1_109' title='bbox 502 1249 648 1287; x_wconf 83' lang='lat' dir='ltr'>Omnia,</span> <span class='ocrx_word' id='word_1_110' title='bbox 667 1257 762 1290; x_wconf 82' lang='lat' dir='ltr'>quae</span> <span class='ocrx_word' id='word_1_111' title='bbox 779 1247 891 1280; x_wconf 87' lang='lat' dir='ltr'>terris</span> <span class='ocrx_word' id='word_1_112' title='bbox 915 1247 1022 1286; x_wconf 87' lang='lat' dir='ltr'>fiunt,</span> <span class='ocrx_word' id='word_1_113' title='bbox 1042 1255 1286 1288; x_wconf 88' lang='lat' dir='ltr'>quaecunque</span> <span class='ocrx_word' id='word_1_114' title='bbox 1302 1246 1490 1288; x_wconf 76' lang='lat' dir='ltr'>profundo</span> 
     </span>
     <span class='ocr_line' id='line_1_15' title="bbox 500 1301 1619 1345; baseline -0.003 -8"><span class='ocrx_word' id='word_1_115' title='bbox 500 1305 679 1345; x_wconf 84' lang='lat' dir='ltr'>AEquore‚</span> <span class='ocrx_word' id='word_1_116' title='bbox 699 1312 788 1336; x_wconf 91' lang='lat' dir='ltr'>num</span> <span class='ocrx_word' id='word_1_117' title='bbox 805 1303 967 1336; x_wconf 84' lang='lat' dir='ltr'>attendis</span> <span class='ocrx_word' id='word_1_118' title='bbox 981 1302 1121 1343; x_wconf 87' lang='lat' dir='ltr'>quanta</span> <span class='ocrx_word' id='word_1_119' title='bbox 1132 1301 1207 1335; x_wconf 86' lang='lat' dir='ltr'>heu</span> <span class='ocrx_word' id='word_1_120' title='bbox 1224 1311 1291 1334; x_wconf 91' lang='lat' dir='ltr'>nos</span> <span class='ocrx_word' id='word_1_121' title='bbox 1309 1301 1474 1342; x_wconf 89' lang='lat' dir='ltr'>undique</span> <span class='ocrx_word' id='word_1_122' title='bbox 1491 1301 1619 1344; x_wconf 86' lang='lat' dir='ltr'>cingat</span> 
     </span>
     <span class='ocr_line' id='line_1_16' title="bbox 503 1356 1480 1400; baseline -0.004 -8"><span class='ocrx_word' id='word_1_123' title='bbox 503 1359 742 1400; x_wconf 62' lang='lat' dir='ltr'>Tempestas?</span> <span class='ocrx_word' id='word_1_124' title='bbox 756 1358 841 1396; x_wconf 90' lang='lat' dir='ltr'>Cur,</span> <span class='ocrx_word' id='word_1_125' title='bbox 861 1367 882 1389; x_wconf 92' lang='lat' dir='ltr'>o</span> <span class='ocrx_word' id='word_1_126' title='bbox 900 1357 1062 1400; x_wconf 83' lang='lat' dir='ltr'>genitor,</span> <span class='ocrx_word' id='word_1_127' title='bbox 1079 1357 1143 1389; x_wconf 82' lang='lat' dir='ltr'>tua</span> <span class='ocrx_word' id='word_1_128' title='bbox 1154 1356 1327 1399; x_wconf 85' lang='lat' dir='ltr'>pignora,</span> <span class='ocrx_word' id='word_1_129' title='bbox 1343 1365 1410 1389; x_wconf 91' lang='lat' dir='ltr'>cur</span> <span class='ocrx_word' id='word_1_130' title='bbox 1426 1356 1480 1389; x_wconf 92' lang='lat' dir='ltr'>sic</span> 
     </span>
     <span class='ocr_line' id='line_1_17' title="bbox 503 1411 1567 1456; baseline -0.004 -9"><span class='ocrx_word' id='word_1_131' title='bbox 503 1414 656 1456; x_wconf 79' lang='lat' dir='ltr'>Deseris</span> <span class='ocrx_word' id='word_1_132' title='bbox 672 1413 746 1447; x_wconf 87' lang='lat' dir='ltr'>heu</span> <span class='ocrx_word' id='word_1_133' title='bbox 763 1413 922 1445; x_wconf 90' lang='lat' dir='ltr'>miseros</span> <span class='ocrx_word' id='word_1_134' title='bbox 940 1413 1044 1444; x_wconf 90' lang='lat' dir='ltr'>tanto</span> <span class='ocrx_word' id='word_1_135' title='bbox 1062 1412 1100 1444; x_wconf 87' lang='lat' dir='ltr'>in</span> <span class='ocrx_word' id='word_1_136' title='bbox 1119 1411 1359 1444; x_wconf 74' lang='lat' dir='ltr'>discrimine2</span> <span class='ocrx_word' id='word_1_137' title='bbox 1376 1411 1567 1452; x_wconf 86' lang='lat' dir='ltr'>Numquid</span> 
     </span>
     <span class='ocr_line' id='line_1_18' title="bbox 498 1465 1603 1511; baseline -0.003 -9"><span class='ocrx_word' id='word_1_138' title='bbox 498 1469 672 1511; x_wconf 80' lang='lat' dir='ltr'>Respicis</span> <span class='ocrx_word' id='word_1_139' title='bbox 686 1468 800 1501; x_wconf 70' lang='lat' dir='ltr'>haec?</span> <span class='ocrx_word' id='word_1_140' title='bbox 813 1467 882 1501; x_wconf 89' lang='lat' dir='ltr'>Eia</span> <span class='ocrx_word' id='word_1_141' title='bbox 897 1467 990 1500; x_wconf 87' lang='lat' dir='ltr'>haec</span> <span class='ocrx_word' id='word_1_142' title='bbox 1007 1467 1048 1499; x_wconf 83' lang='lat' dir='ltr'>tu</span> <span class='ocrx_word' id='word_1_143' title='bbox 1064 1466 1223 1508; x_wconf 86' lang='lat' dir='ltr'>respice,</span> <span class='ocrx_word' id='word_1_144' title='bbox 1241 1466 1388 1508; x_wconf 80' lang='lat' dir='ltr'>respice</span> <span class='ocrx_word' id='word_1_145' title='bbox 1403 1467 1411 1498; x_wconf 74' lang='grc' dir='ltr'><strong><em>Σ</em></strong></span> <span class='ocrx_word' id='word_1_146' title='bbox 1431 1465 1603 1500; x_wconf 82' lang='lat' dir='ltr'>Clemens</span> 
     </span>
     <span class='ocr_line' id='line_1_19' title="bbox 502 1521 1426 1565; baseline -0.004 -8"><span class='ocrx_word' id='word_1_147' title='bbox 502 1525 616 1565; x_wconf 84' lang='lat' dir='ltr'>Eripe</span> <span class='ocrx_word' id='word_1_148' title='bbox 634 1533 714 1561; x_wconf 84' lang='lat' dir='ltr'>nos,</span> <span class='ocrx_word' id='word_1_149' title='bbox 733 1522 896 1565; x_wconf 86' lang='lat' dir='ltr'>genitor,</span> <span class='ocrx_word' id='word_1_150' title='bbox 915 1521 974 1554; x_wconf 88' lang='lat' dir='ltr'>vel</span> <span class='ocrx_word' id='word_1_151' title='bbox 1000 1521 1133 1554; x_wconf 91' lang='lat' dir='ltr'>saltem</span> <span class='ocrx_word' id='word_1_152' title='bbox 1150 1521 1303 1554; x_wconf 91' lang='lat' dir='ltr'>numine</span> <span class='ocrx_word' id='word_1_153' title='bbox 1321 1530 1426 1554; x_wconf 88' lang='lat' dir='ltr'>sacro</span> 
     </span>
     <span class='ocr_line' id='line_1_20' title="bbox 500 1576 1477 1619; baseline -0.005 -6"><span class='ocrx_word' id='word_1_154' title='bbox 500 1579 671 1613; x_wconf 88' lang='lat' dir='ltr'>Immisso</span> <span class='ocrx_word' id='word_1_155' title='bbox 690 1587 840 1610; x_wconf 87' lang='lat' dir='ltr'>oramus</span> <span class='ocrx_word' id='word_1_156' title='bbox 858 1585 1083 1618; x_wconf 88' lang='lat' dir='ltr'>quemquam</span> <span class='ocrx_word' id='word_1_157' title='bbox 1099 1576 1291 1619; x_wconf 84' lang='lat' dir='ltr'>instigate,</span> <span class='ocrx_word' id='word_1_158' title='bbox 1310 1576 1477 1619; x_wconf 86' lang='lat' dir='ltr'>benigno</span> 
     </span>
    </p>

    <p class='ocr_par' dir='ltr' id='par_1_8' title="bbox 497 1631 1419 1674">
     <span class='ocr_line' id='line_1_21' title="bbox 497 1631 1419 1674; baseline -0.003 -8"><span class='ocrx_word' id='word_1_159' title='bbox 497 1635 571 1672; x_wconf 83' lang='lat' dir='ltr'>Qui</span> <span class='ocrx_word' id='word_1_160' title='bbox 588 1633 733 1665; x_wconf 89' lang='lat' dir='ltr'>monitu</span> <span class='ocrx_word' id='word_1_161' title='bbox 750 1633 884 1665; x_wconf 83' lang='lat' dir='ltr'>offensi</span> <span class='ocrx_word' id='word_1_162' title='bbox 900 1633 1101 1674; x_wconf 87' lang='lat' dir='ltr'>componat</span> <span class='ocrx_word' id='word_1_163' title='bbox 1117 1631 1287 1664; x_wconf 83' lang='lat' dir='ltr'>Caesaris</span> <span class='ocrx_word' id='word_1_164' title='bbox 1311 1631 1419 1668; x_wconf 87' lang='lat' dir='ltr'>iram.</span> 
     </span>
    </p>

    <p class='ocr_par' dir='ltr' id='par_1_9' title="bbox 495 1686 1437 1896">
     <span class='ocr_line' id='line_1_22' title="bbox 495 1686 1402 1722; baseline -0.004 0"><span class='ocrx_word' id='word_1_165' title='bbox 495 1689 591 1722; x_wconf 86' lang='lat' dir='ltr'>Ecce</span> <span class='ocrx_word' id='word_1_166' title='bbox 608 1689 676 1721; x_wconf 89' lang='lat' dir='ltr'>sub</span> <span class='ocrx_word' id='word_1_167' title='bbox 694 1688 845 1720; x_wconf 78' lang='lat' dir='ltr'>obscuri</span> <span class='ocrx_word' id='word_1_168' title='bbox 862 1687 1072 1720; x_wconf 79' lang='lat' dir='ltr'>residentes</span> <span class='ocrx_word' id='word_1_169' title='bbox 1089 1686 1252 1719; x_wconf 86' lang='lat' dir='ltr'>carceris</span> <span class='ocrx_word' id='word_1_170' title='bbox 1268 1686 1402 1719; x_wconf 88' lang='lat' dir='ltr'>umbra</span> 
     </span>
     <span class='ocr_line' id='line_1_23' title="bbox 500 1741 1437 1786; baseline -0.003 -10"><span class='ocrx_word' id='word_1_171' title='bbox 500 1744 743 1786; x_wconf 82' lang='lat' dir='ltr'>Ingemirnus,</span> <span class='ocrx_word' id='word_1_172' title='bbox 759 1742 897 1775; x_wconf 89' lang='lat' dir='ltr'>misero</span> <span class='ocrx_word' id='word_1_173' title='bbox 915 1742 1094 1775; x_wconf 88' lang='lat' dir='ltr'>resonant</span> <span class='ocrx_word' id='word_1_174' title='bbox 1110 1741 1274 1783; x_wconf 86' lang='lat' dir='ltr'>suspiria</span> <span class='ocrx_word' id='word_1_175' title='bbox 1290 1741 1437 1782; x_wconf 85' lang='lat' dir='ltr'>questu,</span> 
     </span>
     <span class='ocr_line' id='line_1_24' title="bbox 501 1795 1413 1841; baseline -0.003 -10"><span class='ocrx_word' id='word_1_176' title='bbox 501 1798 697 1841; x_wconf 81' lang='lat' dir='ltr'>Singultus</span> <span class='ocrx_word' id='word_1_177' title='bbox 714 1797 889 1839; x_wconf 82' lang='lat' dir='ltr'>quatiunt</span> <span class='ocrx_word' id='word_1_178' title='bbox 911 1797 1054 1839; x_wconf 81' lang='lat' dir='ltr'>pectus,</span> <span class='ocrx_word' id='word_1_179' title='bbox 1072 1796 1277 1829; x_wconf 83' lang='lat' dir='ltr'>raucedine</span> <span class='ocrx_word' id='word_1_180' title='bbox 1293 1795 1413 1829; x_wconf 83' lang='lat' dir='ltr'>multa</span> 
     </span>
     <span class='ocr_line' id='line_1_25' title="bbox 498 1850 1395 1896; baseline -0.004 -10"><span class='ocrx_word' id='word_1_181' title='bbox 498 1853 673 1896; x_wconf 83' lang='lat' dir='ltr'>Obriguit</span> <span class='ocrx_word' id='word_1_182' title='bbox 697 1853 840 1896; x_wconf 83' lang='lat' dir='ltr'>guttur,</span> <span class='ocrx_word' id='word_1_183' title='bbox 855 1851 1030 1890; x_wconf 78' lang='lat' dir='ltr'>clamosis</span> <span class='ocrx_word' id='word_1_184' title='bbox 1046 1850 1217 1884; x_wconf 83' lang='lat' dir='ltr'>faucibus</span> <span class='ocrx_word' id='word_1_185' title='bbox 1234 1850 1395 1883; x_wconf 86' lang='lat' dir='ltr'>haerens</span> 
     </span>
    </p>

    <p class='ocr_par' dir='ltr' id='par_1_10' title="bbox 497 1906 1502 2061">
     <span class='ocr_line' id='line_1_26' title="bbox 497 1906 1502 1951; baseline -0.002 -10"><span class='ocrx_word' id='word_1_186' title='bbox 497 1909 645 1951; x_wconf 80' lang='lat' dir='ltr'>Lingua</span> <span class='ocrx_word' id='word_1_187' title='bbox 657 1908 794 1950; x_wconf 90' lang='lat' dir='ltr'>stupet,</span> <span class='ocrx_word' id='word_1_188' title='bbox 809 1906 932 1940; x_wconf 84' lang='lat' dir='ltr'>luctus</span> <span class='ocrx_word' id='word_1_189' title='bbox 948 1906 1096 1945; x_wconf 87' lang='lat' dir='ltr'>crescit,</span> <span class='ocrx_word' id='word_1_190' title='bbox 1115 1906 1325 1947; x_wconf 82' lang='lat' dir='ltr'>crescitque</span> <span class='ocrx_word' id='word_1_191' title='bbox 1342 1906 1502 1939; x_wconf 85' lang='lat' dir='ltr'>subinde</span> 
     </span>
     <span class='ocr_line' id='line_1_27' title="bbox 500 1960 1402 2004; baseline -0.002 -8"><span class='ocrx_word' id='word_1_192' title='bbox 500 1963 679 1997; x_wconf 83' lang='lat' dir='ltr'>Planctus</span> <span class='ocrx_word' id='word_1_193' title='bbox 693 1971 790 2001; x_wconf 85' lang='lat' dir='ltr'>acer,</span> <span class='ocrx_word' id='word_1_194' title='bbox 810 1961 927 1994; x_wconf 87' lang='lat' dir='ltr'>multo</span> <span class='ocrx_word' id='word_1_195' title='bbox 942 1961 1136 2004; x_wconf 87' lang='lat' dir='ltr'>turgentia</span> <span class='ocrx_word' id='word_1_196' title='bbox 1151 1960 1295 1993; x_wconf 85' lang='lat' dir='ltr'>lumina</span> <span class='ocrx_word' id='word_1_197' title='bbox 1310 1961 1402 1994; x_wconf 85' lang='lat' dir='ltr'>fletu</span> 
     </span>
     <span class='ocr_line' id='line_1_28' title="bbox 499 2015 1346 2061; baseline -0.005 -10"><span class='ocrx_word' id='word_1_198' title='bbox 499 2019 729 2056; x_wconf 87' lang='lat' dir='ltr'>Intumuere,</span> <span class='ocrx_word' id='word_1_199' title='bbox 745 2026 865 2061; x_wconf 85' lang='lat' dir='ltr'>genae</span> <span class='ocrx_word' id='word_1_200' title='bbox 881 2016 1009 2055; x_wconf 89' lang='lat' dir='ltr'>livent,</span> <span class='ocrx_word' id='word_1_201' title='bbox 1023 2016 1169 2058; x_wconf 88' lang='lat' dir='ltr'>jejunia</span> <span class='ocrx_word' id='word_1_202' title='bbox 1184 2015 1346 2048; x_wconf 83' lang='lat' dir='ltr'>multum</span> 
     </span>
    </p>

    <p class='ocr_par' dir='ltr' id='par_1_11' title="bbox 491 2069 1603 2499">
     <span class='ocr_line' id='line_1_29' title="bbox 493 2069 1433 2114; baseline -0.004 -8"><span class='ocrx_word' id='word_1_203' title='bbox 493 2073 681 2114; x_wconf 80' lang='lat' dir='ltr'>Planctus,</span> <span class='ocrx_word' id='word_1_204' title='bbox 700 2077 731 2106; x_wconf 77' lang='lat' dir='ltr'>et</span> <span class='ocrx_word' id='word_1_205' title='bbox 747 2071 899 2105; x_wconf 76' lang='lat' dir='ltr'>assiduo</span> <span class='ocrx_word' id='word_1_206' title='bbox 916 2071 1100 2114; x_wconf 61' lang='lat' dir='ltr'>turgentia</span> <span class='ocrx_word' id='word_1_207' title='bbox 1117 2069 1262 2104; x_wconf 79' lang='lat' dir='ltr'>lumina</span> <span class='ocrx_word' id='word_1_208' title='bbox 1278 2070 1368 2113; x_wconf 76' lang='lat' dir='ltr'>fletu</span> <span class='ocrx_word' id='word_1_209' title='bbox 1385 2070 1433 2111; x_wconf 90' lang='lat' dir='ltr'>(l)</span> 
     </span>
     <span class='ocr_line' id='line_1_30' title="bbox 493 2126 1401 2167; baseline -0.004 -6"><span class='ocrx_word' id='word_1_210' title='bbox 493 2129 719 2166; x_wconf 78' lang='lat' dir='ltr'>Extenuant,</span> <span class='ocrx_word' id='word_1_211' title='bbox 746 2127 884 2160; x_wconf 85' lang='lat' dir='ltr'>macies</span> <span class='ocrx_word' id='word_1_212' title='bbox 902 2127 1022 2159; x_wconf 86' lang='lat' dir='ltr'>totum</span> <span class='ocrx_word' id='word_1_213' title='bbox 1045 2126 1241 2159; x_wconf 84' lang='lat' dir='ltr'>teterrima</span> <span class='ocrx_word' id='word_1_214' title='bbox 1264 2135 1401 2167; x_wconf 89' lang='lat' dir='ltr'>corpus</span> 
     </span>
     <span class='ocr_line' id='line_1_31' title="bbox 493 2180 1603 2225; baseline -0.001 -10"><span class='ocrx_word' id='word_1_215' title='bbox 493 2183 670 2224; x_wconf 81' lang='lat' dir='ltr'>Occupat,</span> <span class='ocrx_word' id='word_1_216' title='bbox 697 2182 885 2225; x_wconf 83' lang='lat' dir='ltr'>aegrescit</span> <span class='ocrx_word' id='word_1_217' title='bbox 915 2180 1141 2220; x_wconf 84' lang='lat' dir='ltr'>stomachus,</span> <span class='ocrx_word' id='word_1_218' title='bbox 1174 2181 1380 2222; x_wconf 87' lang='lat' dir='ltr'>potumque</span> <span class='ocrx_word' id='word_1_219' title='bbox 1403 2180 1603 2222; x_wconf 84' lang='lat' dir='ltr'>cibumque</span> 
     </span>
     <span class='ocr_line' id='line_1_32' title="bbox 492 2235 1424 2280; baseline -0.003 -10"><span class='ocrx_word' id='word_1_220' title='bbox 492 2238 602 2270; x_wconf 84' lang='lat' dir='ltr'>Haud</span> <span class='ocrx_word' id='word_1_221' title='bbox 618 2238 771 2279; x_wconf 83' lang='lat' dir='ltr'>patitur,</span> <span class='ocrx_word' id='word_1_222' title='bbox 791 2238 926 2280; x_wconf 87' lang='lat' dir='ltr'>gustus</span> <span class='ocrx_word' id='word_1_223' title='bbox 941 2236 1067 2278; x_wconf 87' lang='lat' dir='ltr'>periit,</span> <span class='ocrx_word' id='word_1_224' title='bbox 1084 2235 1178 2268; x_wconf 87' lang='lat' dir='ltr'>nihil</span> <span class='ocrx_word' id='word_1_225' title='bbox 1196 2235 1341 2277; x_wconf 88' lang='lat' dir='ltr'>appetit</span> <span class='ocrx_word' id='word_1_226' title='bbox 1357 2244 1424 2268; x_wconf 89' lang='lat' dir='ltr'>ore</span> 
     </span>
     <span class='ocr_line' id='line_1_33' title="bbox 491 2290 1517 2335; baseline -0.003 -9"><span class='ocrx_word' id='word_1_227' title='bbox 491 2293 673 2334; x_wconf 88' lang='lat' dir='ltr'>Insipido‚</span> <span class='ocrx_word' id='word_1_228' title='bbox 692 2302 817 2335; x_wconf 86' lang='lat' dir='ltr'>genua</span> <span class='ocrx_word' id='word_1_229' title='bbox 832 2300 948 2334; x_wconf 83' lang='lat' dir='ltr'>aegra</span> <span class='ocrx_word' id='word_1_230' title='bbox 963 2291 1102 2329; x_wconf 86' lang='lat' dir='ltr'>labant,</span> <span class='ocrx_word' id='word_1_231' title='bbox 1118 2291 1179 2323; x_wconf 84' lang='lat' dir='ltr'>vix</span> <span class='ocrx_word' id='word_1_232' title='bbox 1193 2291 1339 2323; x_wconf 89' lang='lat' dir='ltr'>ossibus</span> <span class='ocrx_word' id='word_1_233' title='bbox 1356 2290 1517 2323; x_wconf 86' lang='lat' dir='ltr'>haerent</span> 
     </span>
     <span class='ocr_line' id='line_1_34' title="bbox 497 2345 1513 2389; baseline -0.002 -9"><span class='ocrx_word' id='word_1_234' title='bbox 497 2347 601 2386; x_wconf 85' lang='lat' dir='ltr'>Ossa,</span> <span class='ocrx_word' id='word_1_235' title='bbox 620 2346 764 2380; x_wconf 88' lang='lat' dir='ltr'>inculta</span> <span class='ocrx_word' id='word_1_236' title='bbox 779 2347 911 2379; x_wconf 78' lang='lat' dir='ltr'>horret</span> <span class='ocrx_word' id='word_1_237' title='bbox 938 2346 1066 2384; x_wconf 71' lang='lat' dir='ltr'>iacies,</span> <span class='ocrx_word' id='word_1_238' title='bbox 1081 2346 1181 2389; x_wconf 82' lang='lat' dir='ltr'>riget</span> <span class='ocrx_word' id='word_1_239' title='bbox 1209 2345 1355 2387; x_wconf 84' lang='lat' dir='ltr'>hispida</span> <span class='ocrx_word' id='word_1_240' title='bbox 1388 2345 1513 2385; x_wconf 88' lang='lat' dir='ltr'>barba,</span> 
     </span>
     <span class='ocr_line' id='line_1_35' title="bbox 493 2400 1406 2444; baseline -0.002 -9"><span class='ocrx_word' id='word_1_241' title='bbox 493 2402 671 2435; x_wconf 83' lang='lat' dir='ltr'>Maxillae</span> <span class='ocrx_word' id='word_1_242' title='bbox 687 2402 836 2440; x_wconf 91' lang='lat' dir='ltr'>cedunt,</span> <span class='ocrx_word' id='word_1_243' title='bbox 864 2411 975 2435; x_wconf 88' lang='lat' dir='ltr'>nasus</span> <span class='ocrx_word' id='word_1_244' title='bbox 992 2402 1036 2433; x_wconf 86' lang='lat' dir='ltr'>fit</span> <span class='ocrx_word' id='word_1_245' title='bbox 1058 2400 1220 2444; x_wconf 86' lang='lat' dir='ltr'>longior,</span> <span class='ocrx_word' id='word_1_246' title='bbox 1247 2401 1406 2433; x_wconf 88' lang='lat' dir='ltr'>horrent</span> 
     </span>
     <span class='ocr_line' id='line_1_36' title="bbox 495 2456 1422 2499; baseline -0.002 -9"><span class='ocrx_word' id='word_1_247' title='bbox 495 2457 692 2498; x_wconf 88' lang='lat' dir='ltr'>Squallore</span> <span class='ocrx_word' id='word_1_248' title='bbox 709 2457 849 2499; x_wconf 80' lang='lat' dir='ltr'>impexi</span> <span class='ocrx_word' id='word_1_249' title='bbox 873 2457 1010 2495; x_wconf 88' lang='lat' dir='ltr'>crines,</span> <span class='ocrx_word' id='word_1_250' title='bbox 1036 2456 1163 2489; x_wconf 86' lang='lat' dir='ltr'>clauso</span> <span class='ocrx_word' id='word_1_251' title='bbox 1189 2458 1277 2489; x_wconf 79' lang='lat' dir='ltr'>aere</span> <span class='ocrx_word' id='word_1_252' title='bbox 1293 2464 1422 2488; x_wconf 84' lang='lat' dir='ltr'>carcer</span> 
     </span>
    </p>
   </div>
   <div class='ocr_carea' id='block_1_7' title="bbox 1703 2562 1892 2573">
    <p class='ocr_par' dir='ltr' id='par_1_12' title="bbox 1703 2562 1892 2573">
     <span class='ocr_line' id='line_1_37' title="bbox 1703 2562 1892 2573; baseline 0 0"><span class='ocrx_word' id='word_1_253' title='bbox 1703 2562 1892 2573; x_wconf 95' lang='lat' dir='ltr'> </span> 
     </span>
    </p>
   </div>
   <div class='ocr_carea' id='block_1_8' title="bbox 273 2628 1902 2725">
    <p class='ocr_par' dir='ltr' id='par_1_13' title="bbox 273 2628 1902 2725">
     <span class='ocr_line' id='line_1_38' title="bbox 318 2628 1902 2672; baseline -0.001 -10"><span class='ocrx_word' id='word_1_254' title='bbox 318 2628 365 2671; x_wconf 90' lang='grc'>(1)</span> <span class='ocrx_word' id='word_1_255' title='bbox 390 2630 444 2662; x_wconf 92' lang='lat' dir='ltr'>De</span> <span class='ocrx_word' id='word_1_256' title='bbox 468 2630 640 2672; x_wconf 82' lang='lat' dir='ltr'>uitgever</span> <span class='ocrx_word' id='word_1_257' title='bbox 663 2630 728 2671; x_wconf 79' lang='lat' dir='ltr'>gaf</span> <span class='ocrx_word' id='word_1_258' title='bbox 752 2637 798 2671; x_wconf 93' lang='lat' dir='ltr'>op</span> <span class='ocrx_word' id='word_1_259' title='bbox 824 2628 879 2661; x_wconf 90' lang='lat' dir='ltr'>dit</span> <span class='ocrx_word' id='word_1_260' title='bbox 894 2637 978 2661; x_wconf 91' lang='lat' dir='ltr'>vers</span> <span class='ocrx_word' id='word_1_261' title='bbox 996 2629 1041 2661; x_wconf 88' lang='lat' dir='ltr'>de</span> <span class='ocrx_word' id='word_1_262' title='bbox 1058 2628 1242 2671; x_wconf 85' lang='lat' dir='ltr'>volgende</span> <span class='ocrx_word' id='word_1_263' title='bbox 1260 2629 1373 2660; x_wconf 87' lang='lat' dir='ltr'>noot:</span> <span class='ocrx_word' id='word_1_264' title='bbox 1401 2641 1417 2655; x_wconf 65' lang='lat' dir='ltr'><em>a</em></span> <span class='ocrx_word' id='word_1_265' title='bbox 1447 2628 1550 2661; x_wconf 86' lang='lat' dir='ltr'>Haec</span> <span class='ocrx_word' id='word_1_266' title='bbox 1565 2629 1689 2667; x_wconf 89' lang='lat' dir='ltr'>verba,</span> <span class='ocrx_word' id='word_1_267' title='bbox 1709 2628 1782 2661; x_wconf 87' lang='lat' dir='ltr'>alio</span> <span class='ocrx_word' id='word_1_268' title='bbox 1807 2629 1902 2661; x_wconf 86' lang='lat' dir='ltr'>atra-</span> 
     </span>
     <span class='ocr_line' id='line_1_39' title="bbox 273 2683 1902 2725; baseline 0 -9"><span class='ocrx_word' id='word_1_269' title='bbox 273 2686 397 2716; x_wconf 90' lang='lat' dir='ltr'>mcnto</span> <span class='ocrx_word' id='word_1_270' title='bbox 415 2685 698 2725; x_wconf 86' lang='lat' dir='ltr'>minoribusque</span> <span class='ocrx_word' id='word_1_271' title='bbox 716 2683 912 2716; x_wconf 85' lang='lat' dir='ltr'>literarum</span> <span class='ocrx_word' id='word_1_272' title='bbox 928 2684 1060 2716; x_wconf 78' lang='lat' dir='ltr'>formis</span> <span class='ocrx_word' id='word_1_273' title='bbox 1076 2683 1290 2725; x_wconf 86' lang='lat' dir='ltr'>conscripta</span> <span class='ocrx_word' id='word_1_274' title='bbox 1305 2684 1414 2716; x_wconf 85' lang='lat' dir='ltr'>erant</span> <span class='ocrx_word' id='word_1_275' title='bbox 1430 2684 1542 2724; x_wconf 83' lang='lat' dir='ltr'>atque</span> <span class='ocrx_word' id='word_1_276' title='bbox 1559 2683 1709 2716; x_wconf 88' lang='lat' dir='ltr'>omnino</span> <span class='ocrx_word' id='word_1_277' title='bbox 1727 2683 1902 2716; x_wconf 88' lang='lat' dir='ltr'>videntur</span> 
     </span>
    </p>
   </div>
   <div class='ocr_carea' id='block_1_9' title="bbox 272 2738 1117 2781">
    <p class='ocr_par' dir='ltr' id='par_1_14' title="bbox 272 2738 1117 2781">
     <span class='ocr_line' id='line_1_40' title="bbox 272 2738 1117 2781; baseline 0 -11"><span class='ocrx_word' id='word_1_278' title='bbox 272 2739 509 2780; x_wconf 78' lang='lat' dir='ltr'>interpolata.</span> <span class='ocrx_word' id='word_1_279' title='bbox 540 2739 759 2772; x_wconf 87' lang='lat' dir='ltr'>Scribonius</span> <span class='ocrx_word' id='word_1_280' title='bbox 786 2739 915 2771; x_wconf 78' lang='lat' dir='ltr'>forsan</span> <span class='ocrx_word' id='word_1_281' title='bbox 939 2738 1117 2781; x_wconf 89' lang='lat' dir='ltr'>scripsit:</span> 
     </span>
    </p>
   </div>
   <div class='ocr_carea' id='block_1_10' title="bbox 727 2813 1446 2979">
    <p class='ocr_par' dir='ltr' id='par_1_15' title="bbox 727 2813 1446 2979">
     <span class='ocr_line' id='line_1_41' title="bbox 1000 2813 1324 2847; baseline 0 -7"><span class='ocrx_word' id='word_1_282' title='bbox 1000 2813 1176 2847; x_wconf 78' lang='lat' dir='ltr'>Crescitque</span> <span class='ocrx_word' id='word_1_283' title='bbox 1194 2814 1324 2841; x_wconf 82' lang='lat' dir='ltr'>subinde</span> 
     </span>
     <span class='ocr_line' id='line_1_42' title="bbox 727 2857 1446 2891; baseline 0.003 -8"><span class='ocrx_word' id='word_1_284' title='bbox 727 2857 872 2884; x_wconf 81' lang='lat' dir='ltr'>Planctus</span> <span class='ocrx_word' id='word_1_285' title='bbox 885 2860 915 2884; x_wconf 80' lang='lat' dir='ltr'>et</span> <span class='ocrx_word' id='word_1_286' title='bbox 926 2858 1052 2885; x_wconf 82' lang='lat' dir='ltr'>assiduo</span> <span class='ocrx_word' id='word_1_287' title='bbox 1067 2858 1220 2891; x_wconf 80' lang='lat' dir='ltr'>turgentia</span> <span class='ocrx_word' id='word_1_288' title='bbox 1237 2858 1351 2885; x_wconf 83' lang='lat' dir='ltr'>lumina</span> <span class='ocrx_word' id='word_1_289' title='bbox 1374 2859 1446 2885; x_wconf 79' lang='lat' dir='ltr'>fletu</span> 
     </span>
     <span class='ocr_line' id='line_1_43' title="bbox 727 2901 1401 2935; baseline 0.001 -8"><span class='ocrx_word' id='word_1_290' title='bbox 727 2901 911 2934; x_wconf 81' lang='lat' dir='ltr'>Intumuere,</span> <span class='ocrx_word' id='word_1_291' title='bbox 923 2908 1018 2934; x_wconf 79' lang='lat' dir='ltr'>genae</span> <span class='ocrx_word' id='word_1_292' title='bbox 1030 2902 1134 2934; x_wconf 79' lang='lat' dir='ltr'>livent,</span> <span class='ocrx_word' id='word_1_293' title='bbox 1146 2901 1262 2935; x_wconf 74' lang='lat' dir='ltr'>jejunia</span> <span class='ocrx_word' id='word_1_294' title='bbox 1274 2903 1401 2930; x_wconf 70' lang='lat' dir='ltr'>multum</span> 
     </span>
     <span class='ocr_line' id='line_1_44' title="bbox 729 2945 1131 2979; baseline 0.01 -8"><span class='ocrx_word' id='word_1_295' title='bbox 729 2945 912 2978; x_wconf 79' lang='lat' dir='ltr'>Extenuant,</span> <span class='ocrx_word' id='word_1_296' title='bbox 931 2946 1042 2973; x_wconf 85' lang='lat' dir='ltr'>macies</span> <span class='ocrx_word' id='word_1_297' title='bbox 1064 2953 1131 2979; x_wconf 83' lang='lat' dir='ltr'>sqq.</span> 
     </span>
    </p>
   </div>
   <div class='ocr_carea' id='block_1_11' title="bbox 2069 0 2096 1801">
    <p class='ocr_par' dir='ltr' id='par_1_16' title="bbox 2069 0 2096 1801">
     <span class='ocr_line' id='line_1_45' title="bbox 2069 0 2096 1801; baseline 0 0"><span class='ocrx_word' id='word_1_298' title='bbox 2069 0 2096 1801; x_wconf 95' lang='lat' dir='ltr'> </span> 
     </span>
    </p>
   </div>
  </div>
 </body>
</html>
