2096 3481
806 264 942 299 ANNO
970 265 1053 299 1525
1684 264 1749 297 429

112 375 322 417 parendum
339 375 400 414 sit,
420 375 451 408 si
468 383 594 418 roges,
620 374 658 408 id
683 375 751 407 tibi
776 374 875 408 idem
901 375 1008 407 ‹livus
1026 375 1164 408 Petrus
1182 373 1347 416 explicat
1366 383 1374 406 :
1395 387 1411 400 u
1431 373 1516 408 Sive
1533 373 1634 407 enim
1651 374 1748 416 regi,

111 430 247 472 inquit,
273 431 451 471 tanquam
474 430 735 472 praecellenti,
762 430 840 462 sive
870 430 1040 468 ducibus,
1067 431 1246 472 tanquam
1274 439 1296 462 a
1325 430 1404 462 Deo
1433 430 1573 468 missis,
1599 429 1644 461 ad
1673 429 1750 461 vin-

113 487 250 519 dictam
268 487 419 527 quidem
437 486 635 522 malorum.
651 486 802 519 laudem
819 496 908 519 vere
925 487 1124 519 bonorum.
1146 502 1161 515 ‚‚
1188 486 1346 519 Habetis
1371 487 1579 528 potestates
1604 487 1751 518 vestras

111 541 331 584 plurativas,
358 542 494 583 quibus
518 542 577 574 ius
602 541 720 584 gladii
746 542 926 574 donatum
952 544 1022 581 est,
1048 542 1156 574 cuius
1181 551 1253 584 ego
1279 551 1386 574 usum
1415 541 1527 583 plane
1557 541 1747 574 inversum

111 597 236 630 video.
274 598 469 638 Nusquam
509 597 609 630 enim
649 596 870 638 plectuntur
910 596 1088 636 adulteri,
1127 597 1173 629 ad
1210 597 1404 630 infamiam
1442 606 1515 629 non
1551 596 1752 638 rapiuntur

110 653 356 692 scortatores,
390 652 532 685 ebriosi
564 661 634 693 pro
667 651 751 685 lusu
784 653 823 685 et
853 652 933 684 risu
962 652 1164 690 habentur,
1207 651 1290 685 alea
1328 651 1431 684 laudi
1471 654 1541 692 est,
1573 651 1747 693 peierare

109 708 264 750 impune
291 707 394 747 licet,
427 707 612 750 pecuniae
643 707 735 740 item
768 707 934 740 studium
968 708 1180 741 industriae
1208 716 1345 740 nomen
1375 706 1544 739 abstulit.
1576 707 1748 748 Denique

110 762 192 796 leve
209 764 268 796 est
284 764 398 796 etiam
422 763 541 801 vobis,
568 763 724 796 verbum
750 763 821 795 Dei
845 764 982 796 vestris
1006 762 1249 805 glossematis
1267 763 1304 795 et
1321 763 1476 803 somnijS
1502 761 1750 795 adulterasse.

108 818 250 851 Verum
274 819 482 855 enimvero,
510 818 541 850 si
566 819 763 851 exoriatur
787 818 930 852 Esdras
955 818 1156 860 quispiam,
1183 818 1248 859 qui
1273 818 1506 858 antiquatam
1532 811 1601 850 Dei
1626 816 1750 860 legem

107 874 261 906 revocet
283 874 322 906 in
347 873 483 912 lucem,
511 873 576 914 qui
601 872 882 906 ecclesiasticos
906 874 1008 906 viros
1033 873 1187 906 lascivia
1215 874 1253 906 et
1269 872 1361 905 luxu
1386 872 1612 911 diffluentes,
1631 874 1748 905 teme-

108 937 225 970 reque
254 930 413 972 agentes
442 930 554 971 cogat
580 929 620 962 in
650 929 835 968 ordinem,
866 929 966 962 hunc
995 929 1147 970 quidem
1176 929 1235 961 ter
1259 929 1297 961 et
1321 927 1484 970 amplius
1513 927 1748 960 haereticum

108 983 344 1017 exclamatis.
362 984 404 1017 In
424 984 524 1017 hunc
541 983 692 1027 gladius
718 985 790 1018 iste
816 994 890 1017 non
916 984 1035 1023 vobis,
1062 984 1127 1016 sed
1153 983 1344 1016 mundano
1368 983 1610 1025 magistratui
1627 982 1749 1019 datus,

107 1039 236 1072 statim
263 1040 479 1082 stringitur.
514 1039 663 1073 Siccine
702 1039 852 1072 laudem
895 1040 1074 1072 auferunt
1106 1048 1127 1071 a
1158 1039 1347 1080 potestate
1379 1038 1482 1078 boni,
1518 1037 1746 1079 supplicium

107 1103 198 1128 vero
215 1095 255 1128 et
270 1095 447 1128 timorem
465 1094 577 1128 mali?

150 1149 362 1184 Montanus.
382 1150 496 1191 Atqui
516 1151 612 1183 scis?
630 1151 839 1192 quomodo?

157 1205 376 1240 Wordenas.
396 1205 517 1244 Quid?

150 1261 363 1296 Montanus.
398 1261 498 1299 Quos
530 1262 570 1294 tu
603 1260 676 1300 hic,
710 1263 752 1294 ut
783 1262 882 1299 sunt,
917 1261 1127 1304 flagitiosos
1161 1262 1346 1299 nominas,
1379 1260 1529 1302 culpam
1561 1268 1680 1297 suam,
1715 1259 1746 1292 si

107 1317 256 1358 quando
276 1317 527 1350 admonentur
551 1317 709 1358 peccati,
737 1318 956 1359 agnoscent.
984 1316 1108 1354 Quare
1134 1326 1295 1357 aequum
1321 1317 1389 1353 est,
1416 1318 1457 1347 ut
1481 1315 1574 1357 ipsis
1598 1314 1748 1356 culpam

107 1372 397 1414 deprecantibus
413 1373 523 1406 venia
540 1372 782 1411 concedatur,
802 1381 923 1413 neque
941 1373 993 1404 ita
1010 1373 1138 1404 statim
1155 1371 1304 1414 gladius
1329 1373 1520 1404 exeratur.
1548 1370 1747 1403 Caeterum

107 1430 159 1465 tu,
178 1437 263 1460 eum
280 1437 439 1461 uxorem
455 1428 620 1466 duxeris,
640 1438 713 1460 non
733 1428 907 1470 agnoscis
926 1430 1050 1460 tamen
1069 1430 1266 1469 peccatum
1284 1428 1404 1464 tuum,
1423 1427 1487 1466 qui
1504 1426 1745 1458 inconcessas

106 1484 256 1525 nuptias
273 1484 412 1516 adieris
429 1493 436 1515 :
457 1484 540 1524 quis
558 1485 634 1516 tam
650 1484 907 1524 praefractum
924 1483 1118 1515 hominem
1133 1483 1244 1515 venia
1261 1482 1462 1524 dignetur?

156 1538 374 1572 W‘ordenas.
394 1538 544 1578 Utrum,
571 1548 722 1580 quaeso,
742 1548 806 1571 vos
823 1537 881 1571 vel
899 1538 1146 1580 probabilius,
1166 1537 1224 1570 vel
1248 1536 1486 1570 tolerabilius
1504 1536 1666 1569 censetis
1681 1537 1742 1577 (l).

105 1595 146 1627 ut
176 1595 364 1632 sacerdos,
395 1603 480 1626 cum
508 1596 652 1632 uratur,
683 1604 780 1626 nune
813 1593 901 1625 huic
926 1595 1050 1626 scorto
1084 1603 1182 1625 nunc
1207 1592 1263 1624 illi
1293 1592 1501 1625 identidem
1527 1592 1743 1630 adhaereat,

105 1659 151 1683 an
176 1652 218 1682 ut
241 1649 463 1682 uxorculam
487 1650 716 1690 matrimonij
745 1650 817 1682 fide
843 1649 913 1681 sibi
939 1649 1140 1691 adiungat?
1164 1650 1330 1681 vestram
1355 1647 1525 1680 obtestor
1550 1647 1743 1680 eonscien-

105 1706 207 1745 tiam,
226 1707 268 1738 ut
283 1706 449 1748 ingenue
467 1705 560 1737 mihi
578 1707 615 1738 et
632 1705 838 1738 secundum
857 1704 1089 1746 Scripturam
1106 1703 1381 1746 respondeatis.

150 1762 364 1795 Montanus.
384 1761 571 1794 Neutrum
589 1760 825 1802 probandum
843 1769 1053 1792 censemus.

155 1816 371 1850 PVordenas.
402 1816 495 1848 Cum
523 1825 615 1858 ergo
644 1818 804 1856 uterque
830 1817 958 1848 >vestro
984 1815 1124 1848 iudicio
1153 1815 1296 1856 peccet,
1332 1823 1399 1847 cur
1432 1823 1506 1846 non
1539 1815 1742 1854 utrumque

103 1871 150 1905 ob
167 1872 369 1905 admissam
385 1871 534 1919 culpam
558 1872 747 1912 captivum
764 1871 913 1903 tacitis?
930 1870 1075 1903 Vereor
1092 1879 1152 1908 ne,
1173 1870 1205 1902 si
1221 1870 1259 1901 id
1277 1870 1355 1906 fiat,
1375 1878 1449 1902 non
1467 1869 1517 1901 sit
1533 1869 1571 1901 in
1589 1877 1742 1902 carcere

103 1927 227 1973 locus,
241 1928 305 1968 qui
322 1936 452 1959 omnes
471 1926 649 1959 moechos
667 1928 705 1960 et
722 1927 950 1959 scortatores
968 1926 1185 1958 sacerdotes
1202 1925 1338 1966 capiat.

147 1981 406 2017 Enchusanus.
434 1982 543 2014 Hunc
567 1991 638 2024 ego
664 1982 731 2014 tibi
757 1982 896 2014 nodum
921 1980 1093 2014 solvero:
1121 1979 1176 2012 illi
1203 1989 1288 2012 cum
1312 1981 1350 2012 in
1375 1980 1540 2022 peccatis
1564 1979 1642 2012 suis
1667 1988 1741 2011 non

102 2038 329 2082 glorientur,
356 2038 422 2071 sed
445 2038 663 2079 peccatores
688 2046 728 2070 se
753 2036 941 2079 supplices
967 2037 1185 2079 agnoscant,
1211 2036 1273 2077 pie
1298 2036 1402 2069 certe
1426 2035 1518 2077 ipsis
1543 2035 1743 2068 commissa

103 2095 292 2128 donantur
305 2094 366 2136 (2).

154 2149 371 2184 Wordenas.
388 2149 616 2182 Condonatis
634 2148 798 2190 quidem,
814 2149 888 2181 imo
906 2148 1032 2190 potius
1049 2147 1261 2180 connivetis
1279 2147 1325 2179 ad
1342 2146 1495 2179 illorum
1513 2146 1741 2188 flagitiosam

104 2206 231 2244 vitam,
251 2205 315 2238 sed
340 2205 484 2237 frustra
507 2207 545 2238 et
569 2205 707 2246 impie:
733 2206 938 2245 propterea
961 2203 1060 2244 quod
1084 2204 1188 2244 ipsos
1212 2202 1367 2235 admissi
1391 2202 1524 2244 flagitij
1552 2210 1626 2233 non
1652 2210 1742 2234 vere

102 2262 284 2304 poenitet,
311 2264 423 2304 atque
451 2261 544 2294 adeo
573 2261 611 2293 in
641 2270 726 2293 suas
755 2260 885 2292 sordes
914 2259 1052 2292 iterum
1082 2260 1194 2299 atque
1219 2258 1358 2290 iterum
1383 2256 1620 2295 relabuntur,
1648 2265 1741 2297 quas

102 2318 262 2351 mentita
277 2317 344 2351 illa
360 2327 402 2350 ac
419 2316 597 2350 simulata
612 2316 851 2349 confessione
869 2313 1075 2347 diluerunt.

146 2372 421 2408 Rosemundus.
454 2372 549 2405 Vide
581 2380 627 2404 ne
660 2371 749 2413 quid
779 2372 923 2403 temere
950 2369 1095 2402 iudices
1122 2378 1129 2401 :
1160 2378 1259 2406 nam,
1289 2369 1320 2401 si
1349 2368 1518 2409 quotidie
1547 2367 1739 2407 labuntur,

102 2428 272 2470 quotidie
289 2430 327 2462 et
342 2428 574 2461 confitentur
590 2427 843 2469 poenitentes.

152 2483 369 2518 Wordenas.
401 2484 622 2517 Praestaret
650 2491 841 2523 nunquam
869 2480 1056 2519 confiteri,
1089 2489 1201 2522 quam
1227 2480 1430 2522 praetextu
1458 2479 1567 2512 datae
1600 2479 1743 2512 contes-

101 2539 218 2573 sionis
235 2538 410 2572 licentius
426 2547 598 2581 peccare.
617 2538 716 2571 Vere
734 2536 908 2570 confiteri
923 2536 984 2577 (3),
1003 2536 1062 2569 est
1079 2544 1123 2569 ex
1143 2535 1268 2568 animo
1286 2535 1412 2568 odisse
1428 2535 1638 2576 peccatum.

146 2594 420 2631 Rosemundus.
438 2594 554 2636 Atqui
571 2603 645 2627 non
663 2593 892 2626 confitentur
909 2593 1067 2629 tantum,
1087 2601 1108 2624 o
1125 2591 1235 2630 bone,
1256 2591 1322 2624 sed
1347 2590 1461 2624 etiam
1486 2590 1606 2623 Deum
1623 2590 1742 2623 inces-

102 2653 230 2686 santer
247 2651 368 2690 orant,
386 2652 428 2684 ut
443 2650 615 2684 remittat
631 2649 703 2682 sibi
721 2648 849 2682 debita
867 2657 946 2681 sua.

147 2861 195 2905 (l)
219 2862 264 2896 In
288 2862 461 2906 maryine
479 2870 487 2895 ε
513 2861 557 2895 In
575 2862 721 2894 arctum
738 2860 890 2893 coactus
907 2858 1123 2892 Montanus.

148 2919 196 2960 (2)
285 2916 393 2952 Idem
483 2927 491 2951 ε
519 2917 669 2951 Bellum
686 2915 891 2959 suffugium
908 2913 1088 2957 theologo
1107 2913 1276 2956 dignum.

148 2973 196 3015 (3)
286 2973 392 3008 Idem
483 2983 490 3007 ι
516 2973 615 3006 Vere
629 2971 803 3005 confiteri
821 2970 923 3012 quid.
