2096 3481
385 287 448 320 2³10
1073 281 1210 317 ANNO
1239 283 1321 316 1523

383 395 481 437 quod
499 394 646 435 quidem
660 393 832 434 precibus
846 392 1076 433 quorundam
1094 393 1131 425 et
1148 392 1254 424 divae
1272 391 1438 434 Virginis
1451 390 1647 430 beneficio,
1666 400 1761 432 quae
1777 390 2000 425 miraculum

383 450 572 484 edidisset.
592 450 729 480 factum
748 447 882 480 aiebat.

426 505 528 537 Idem
554 504 630 536 scre
655 502 917 535 asseverabant
942 501 1107 539 Levanii,
1128 511 1212 534 nam
1228 501 1394 535 redierat
1417 509 1460 533 eo
1480 501 1659 543 magister
1677 502 1805 534 noster
1822 501 2000 535 Nicolaus

383 559 660 601 1¹]g1nondanus,
702 566 857 589 narrans
896 566 917 589 a
953 557 1110 598 prandio
1150 557 1186 589 in
1225 556 1404 588 concione
1437 564 1476 588 se
1507 555 1601 588 hora
1638 556 1835 589 undecima
1871 556 2001 590 literas

382 614 569 655 accepisse
587 622 608 645 a
623 612 740 654 probo
758 614 796 644 et
812 612 952 653 optimo
970 611 1050 643 viro
1067 611 1266 644 Francisco
1285 611 1328 643 ab
1347 609 1470 648 Hulst,
1493 610 1553 642 eui
1578 611 1772 651 provincia
1795 620 1817 643 a
1840 611 1999 645 Caesare

382 668 603 700 demandata
638 668 694 699 est
731 665 981 708 investigandi
1013 666 1050 698 et
1080 665 1330 707 persequendi
1369 665 1592 703 haereticos,
1627 665 1761 706 quibus
1793 666 1999 708 significari

381 723 504 755 aicbat
519 721 814 763 Augustinianos
831 720 916 752 illos
940 720 1140 753 haereseos
1165 721 1358 752 damnatos
1384 720 1421 751 et
1445 721 1608 758 exustos,
1628 720 1798 758 rediisse,
1824 729 1908 752 cum
1923 721 1999 761 J'am

381 778 528 810 flamma
544 777 840 813 submoveretur,
859 775 1010 815 rejectis
1028 775 1232 813 erroribus,
1253 775 1298 807 ad
1316 774 1504 807 saniorem
1523 775 1699 807 mentem.

423 832 529 871 Quod
559 831 648 872 quia
678 831 893 862 constanter
924 829 994 861 hoc
1029 831 1169 872 negant
1203 831 1385 870 quotquot
1418 830 1590 871 proxime
1624 829 1751 872 ignem
1783 830 1994 868 astiterunt,

379 888 538 919 tacuisse
570 885 739 918 fortassis
770 884 1083 926 praestiterat(l),
1115 885 1187 916 nisi
1216 885 1246 916 si
1276 885 1357 925 quis
1386 884 1423 916 id
1452 894 1497 917 ex
1529 884 1757 917 abundantia
1787 884 1996 923 charitatis,

379 951 473 983 quae
492 941 616 973 omnia
632 942 769 982 sperat,
788 940 927 972 factum
953 939 1154 972 existimet.
1170 939 1273 972 Bene
1286 939 1381 972 vale.

423 996 636 1034 Bruxellac,
655 996 760 1028 sexto
778 995 866 1028 Idus
882 994 987 1036 Julij.
1002 1012 1045 1018 —
1060 994 1168 1027 Anno
1188 993 1284 1026 1523.

1012 1081 1071 1115 Ex
1094 1080 1174 1115 alia
1197 1079 1362 1124 epistola.

421 1161 476 1195 De
499 1161 641 1195 exustis
658 1160 718 1192 hic
742 1159 943 1192 Bruxellae
969 1159 1112 1192 duobus
1136 1158 1479 1201 Augustinensibus
1504 1159 1615 1191 eredo
1642 1159 1685 1191 ab
1712 1158 1795 1191 aliis
1813 1159 1999 1201 perscrip-

377 1219 467 1250 tum.
487 1215 703 1250 Incredibili
720 1215 931 1247 constantia
954 1216 1018 1246 aut
1040 1214 1249 1255 pertinacia
1273 1214 1432 1245 mortem
1449 1214 1728 1246 acerbissimam
1745 1214 1996 1255 pertulerunt.

377 1272 629 1306 cancellarius
657 1271 877 1308 affirmabat,
913 1280 952 1302 se
988 1269 1082 1301 nihil
1115 1278 1278 1309 unquam
1310 1267 1432 1300 simile
1460 1269 1599 1301 vidisse
1629 1270 1728 1301 inter
1757 1270 1831 1301 tam
1858 1269 1996 1301 multos

375 1338 442 1360 suo
461 1330 628 1368 tempore
645 1326 912 1358 condemnatos
937 1334 979 1357 ae
1003 1323 1186 1365 supplicio
1212 1324 1377 1356 affectos.
1404 1323 1447 1356 In
1471 1324 1595 1357 media
1619 1324 1767 1357 flamma
1783 1323 1995 1366 symbolum

375 1383 583 1416 recitabant
600 1383 710 1422 atque
726 1381 857 1413 Jesum
873 1380 1079 1412 identidem
1096 1379 1360 1411 inclamabant.

417 1438 438 1470 J
444 1438 570 1469 udices
595 1438 701 1469 erant
719 1435 979 1473 Hochstratus,
1005 1434 1287 1476 Egmondanus,
1306 1432 1548 1473 Hodscalcus‚
1567 1433 1785 1473 Lathomus,
1804 1433 1992 1467 Ruardus.

374 1493 514 1525 Aderat
542 1493 580 1524 et
596 1491 742 1524 Pascha
767 1490 962 1522 carmelita
986 1489 1280 1522 Mechliniensis.
1306 1488 1507 1521 Francisco
1540 1488 1652 1521 Hulst
1675 1489 1915 1522 commissum
1940 1490 1997 1522 est

375 1548 576 1589 diplomate
607 1545 827 1589 pontif[icis]
859 1547 899 1577 ut
930 1545 1009 1586 ipse
1042 1545 1210 1577 nominet
1240 1544 1514 1584 inquisitorem,
1548 1544 1658 1576 modo
1689 1544 1900 1586 praelatum
1931 1545 1995 1577 aut

374 1602 603 1644 theologum.
634 1601 670 1633 Is
698 1600 904 1632 nominavit
934 1600 1111 1632 continuo
1139 1599 1438 1641 Egmondanum.
1469 1598 1519 1631 Hi
1546 1608 1675 1632 omnes
1704 1599 1878 1631 dicuntur
1904 1599 1995 1631 ituri

373 1658 411 1690 in
430 1656 668 1689 Hollandiam
686 1656 731 1688 ad
749 1655 856 1688 Hoen
881 1656 919 1687 et
943 1655 1194 1697 Ludungnum
1219 1653 1297 1697 (sic)
1329 1653 1556 1692 Delfensem‚
1575 1654 1721 1695 pridem
1744 1654 1783 1686 in
1807 1663 1996 1687 carcerem

373 1713 594 1754 conjectum.
615 1712 813 1744 Caeterum
830 1710 936 1742 valde
953 1711 1137 1748 metuunt,
1157 1719 1202 1742 ne
1220 1709 1303 1750 quis
1320 1708 1399 1741 illie
1422 1709 1603 1741 tumultus
1620 1710 1824 1748 exoriatur,
1845 1711 1886 1742 ut
1910 1710 1997 1741 sunt

372 1767 554 1805 homines,
589 1775 800 1807 quanquam
831 1765 1044 1807 exemplum
1074 1764 1256 1806 plurimos
1286 1764 1523 1802 absterrebit,
1557 1766 1598 1796 ut
1626 1766 1790 1806 sperant.
1821 1764 1994 1798 Nondum

372 1823 610 1860 concordant,
631 1831 676 1854 an
693 1820 811 1853 velint
827 1830 956 1853 omnes
973 1821 1047 1861 ire3
1067 1820 1132 1852 alii
1149 1820 1241 1852 alias
1260 1828 1390 1852 causas
1409 1820 1575 1852 nectunt.

416 1877 544 1910 Saluta
557 1878 650 1909 meis
669 1877 792 1909 verbis
809 1876 994 1908 Joannem
1010 1875 1234 1918 Zwinglium
1253 1876 1290 1907 et
1307 1875 1527 1908 Huttenum.

413 1932 541 1965 Rebus
573 1932 631 1964 his
662 1933 752 1964 satis
784 1931 1001 1973 exploratis,
1036 1931 1082 1963 ad
1113 1940 1177 1963 vos
1209 1930 1404 1972 revolab03
1438 1931 1490 1963 ibi
1521 1931 1560 1964 in
1591 1931 1832 1973 hypocaustis
1865 1929 1990 1963 omnia

370 1988 718 2021 commentabimur.

412 2043 468 2076 Ex
485 2042 675 2081 Bruxena,
695 2043 818 2084 pridie
835 2043 918 2075 idus
935 2041 1071 2081 Juhas,
1092 2042 1163 2075 etc.

727 2135 882 2170 Articuli
905 2138 1036 2170 asserti
1051 2145 1124 2180 per
1144 2135 1303 2178 fratrem
1325 2135 1541 2176 Henricum‚
1567 2141 1646 2180 ecc„

393 2214 422 2248 1.
442 2214 560 2248 Nemo
593 2213 782 2256 obligatur
817 2223 863 2247 ex
901 2214 1074 2246 mandato
1114 2212 1303 2256 pontificis
1343 2223 1408 2246 seu
1446 2213 1698 2255 imperatoris,
1740 2213 1929 2246 abstinere
1970 2220 1991 2245 a

456 2270 628 2312 legendis
645 2269 752 2301 libris
771 2269 939 2302 Lutheri.

390 2326 421 2358 2.
442 2325 722 2366 praecipientes
747 2325 936 2357 abstinere
960 2334 981 2357 a
1004 2324 1175 2367 legendis
1200 2324 1306 2357 libris
1332 2324 1500 2363 Lutheri‚
1519 2324 1603 2366 plus
1620 2324 1858 2366 praecipiunt
1875 2332 1986 2364 quam

457 2380 618 2423 Spiritus
636 2380 705 2412 Dei
723 2380 862 2421 exigat.

389 2436 420 2468 3.
441 2435 721 2476 praecipientes
746 2435 934 2468 abstinere
959 2436 1043 2474 ete.,
1070 2435 1213 2468 faciunt
1236 2436 1367 2468 contra
1391 2435 1596 2476 scripturas
1622 2444 1629 2467 :
1658 2434 1792 2468 Omnia
1813 2433 1984 2476 probate,

455 2493 492 2523 ct
507 2491 675 2532 probate,
696 2490 850 2531 spiritus
868 2491 899 2522 si
917 2499 962 2523 ex
981 2491 1059 2523 Deo
1079 2491 1165 2522 sint.

389 2548 420 2578 4.
440 2546 656 2587 Injuriando
676 2546 942 2583 commissario,
969 2546 1059 2578 dicit
1082 2545 1149 2583 illi,
1177 2546 1275 2586 quod
1299 2544 1446 2577 blandis
1470 2546 1594 2578 verbis
1610 2544 1724 2578 vellet
1740 2554 1779 2578 se
1797 2545 1982 2586 decipere.

388 2601 419 2634 5.
439 2601 542 2634 Libri
573 2601 729 2633 Lutheri
756 2601 1012 2642 praebuerunt
1043 2601 1113 2633 sibi
1145 2600 1270 2633 lumen
1301 2600 1421 2642 majus
1454 2601 1588 2633 Sacrae
1621 2600 1836 2642 Scripturae
1874 2608 1984 2640 quam

454 2656 519 2688 alii
537 2656 708 2688 doctores
726 2665 817 2697 quos
835 2657 915 2697 ipsc
932 2655 1037 2698 legit.

407 2802 453 2842 (1)
476 2801 604 2834 Rabus
629 2801 725 2843 (decl
749 2801 797 2840 ΙΙ,
823 2801 888 2833 fol.
917 2801 990 2842 117)
1015 2803 1127 2844 voegt
1144 2811 1185 2834 er
1201 2802 1249 2843 bij
1271 2811 1278 2833 ε
1300 2816 1315 2828 ιι
1335 2803 1442 2834 Dann
1468 2802 1562 2834 auch
1588 2802 1654 2834 der
1672 2801 1842 2835 Cantzler
1860 2801 1983 2834 selber

365 2859 497 2900 gesagt
514 2857 589 2895 liat,
617 2857 680 2888 das
698 2866 782 2889 man
800 2866 842 2888 zu
860 2857 984 2889 seiner
1000 2858 1082 2898 zeyt
1105 2857 1154 2889 vil
1174 2857 1432 2899 vcrurtheylet
1455 2857 1554 2889 vnnd
1572 2857 1741 2899 getodtet
1758 2857 1865 2895 habe,
1896 2857 1986 2889 aber

364 2912 604 2954 dergleichen
636 2922 701 2953 scy
731 2912 811 2953 jhm
843 2921 914 2953 nye
947 2912 1068 2944 niehts
1095 2912 1347 2945 ffirkommen.
1369 2927 1384 2940 n
1415 2913 1478 2945 Dit
1506 2912 1706 2945 ontleende
1734 2912 1783 2953 hij
1814 2920 1883 2945 aan
1914 2912 1984 2945 den

364 2968 531 3000 twecden
550 2968 659 3005 brief,
679 2967 738 2999 die
756 2967 805 3008 hij
826 2967 904 2999 niet
920 2967 1087 3000 vertaald
1105 2967 1219 3000 heeft.
