2096 3481
350 253 388 286 IS
924 250 1061 285 ANNO
1088 251 1183 289 1519,
1211 250 1395 285 1510-1520

349 362 432 394 dem
450 361 671 394 auctoritate
695 362 813 394 fretus
832 361 964 394 tollere
981 366 1108 403 posset
1125 360 1394 402 obligationem
1419 358 1465 391 de
1489 359 1571 391 iure
1595 358 1720 390 divino
1749 359 1787 391 et
1811 359 1967 392 naturae

346 420 464 448 ortam
484 425 549 448 nec
567 425 728 457 unquam
746 416 888 449 valeret
905 417 1133 458 dispensatio
1151 416 1188 448 in
1206 415 1314 453 votis,
1334 414 1553 446 iuramentis
1579 416 1615 445 et
1632 412 1716 445 aliis
1733 422 1779 446 ex
1796 422 1969 455 quaeum-

344 481 414 512 que
439 480 551 503 causa
572 471 780 504 relaxativa
807 470 1049 513 obligationis
1077 473 1304 503 contractae.
1334 469 1441 508 Quod
1471 468 1670 502 manifeste
1698 467 1834 501 falsum
1851 470 1909 502 est
1931 469 1971 502 et

345 527 444 557 omni
463 525 644 558 ecclesiae
658 526 917 558 constitutioni
935 527 1177 558 contrarium.

388 581 472 612 Non
496 581 619 613 scribo
651 590 748 613 nunc
778 580 888 621 plura
914 582 1069 622 propter
1100 580 1364 622 occupationes
1395 578 1588 612 maximas.
1622 578 1696 611 Det
1721 578 1903 611 Dominus
1930 578 1973 610 ut

343 635 447 667 brevi
473 644 558 668 cum
575 635 854 678 dignationibus
878 635 1013 667 vestris
1031 636 1076 668 de
1104 635 1177 667 hiis
1195 636 1232 668 et
1249 634 1332 667 aliis
1350 642 1528 675 praesens
1552 632 1666 665 latius
1690 633 1864 666 conferre
1887 641 1970 674 pos-

343 690 425 722 sim.
444 689 595 723 Interea
611 692 734 723 tamen
752 699 825 722 non
851 690 1020 722 omittam
1044 690 1132 722 fidei
1156 689 1343 722 laboranti
1361 697 1581 721 succurrere
1605 688 1644 720 in
1671 688 1743 727 hiS,
1769 696 1865 729 quae
1888 687 1971 720 istis

342 744 519 786 malignis
537 745 767 786 temporibus
784 753 852 786 per
869 753 927 777 me
946 745 1027 777 fieri
1046 753 1086 776 ac
1105 744 1300 785 procurari
1323 744 1513 785 poterunt.

385 799 544 832 Valeant
571 800 633 832 diu
661 799 790 832 felices
822 798 1079 842 e[xeellentes]
1113 799 1315 842 dignitates
1347 799 1385 832 et
1415 807 1475 832 me
1503 798 1662 831 Domino
1690 797 1866 840 precibus
1893 797 1971 830 suis

343 855 605 888 commendare
619 854 746 887 velint.

385 909 441 942 Ex
454 909 587 951 Papiol
605 910 683 952 (sic)
697 910 744 951 (1)
760 909 816 941 iiii
835 909 1068 948 Decembris,
1085 917 1181 942 anno
1200 908 1378 942 MDXIX.

692 987 789 1020 Dcze
815 987 914 1019 brief
940 987 1046 1019 vindt
1071 995 1157 1019 men
1182 995 1251 1019 aan
1268 985 1294 1018 ’t
1310 985 1426 1018 lioofd
1442 995 1512 1019 van
1529 985 1595 1019 het
1618 985 1754 1028 druRJ‘e
1777 993 1848 1018 van
1873 983 1969 1024 1520,

733 1051 905 1074 waaraan
930 1041 1004 1074 ook
1029 1042 1075 1074 de
1099 1041 1262 1074 stukken
1287 1046 1339 1073 nrs
1361 1040 1404 1073 25
1421 1050 1466 1074 en
1483 1040 1526 1073 26
1543 1040 1720 1074 ontleend
1742 1040 1828 1082 zijn.
1846 1039 1972 1073 Reeds

734 1097 936 1139 afgedrukt
959 1097 1009 1137 bij
1031 1097 1084 1129 De
1101 1096 1210 1135 Ram,
1230 1096 1444 1140 Disquisitio
1461 1094 1637 1130 historica
1658 1095 1703 1129 de
1717 1096 1766 1128 iis
1783 1105 1877 1140 quae
1893 1104 1973 1128 con-

734 1156 792 1185 tra
814 1150 1012 1185 Lutlcerum
1033 1151 1275 1185 Lovanienses
1297 1149 1456 1193 theozoyi
1472 1156 1636 1195 eyerunt,
1654 1150 1723 1184 blz.
1745 1150 1855 1183 11-12.

1113 1299 1195 1342 28.

413 1433 551 1481 1519,
575 1428 826 1473 December
852 1433 896 1480 9,
929 1430 963 1471 ’s
986 1427 1378 1486 Hertoyenboselz.
1418 1425 1476 1467 De
1518 1423 1780 1479 inquisiteur
1808 1424 1971 1467 Johan-

343 1516 421 1545 nes
444 1502 496 1544 de
528 1501 661 1553 Colle,
689 1500 966 1557 predikheer,
1002 1501 1070 1543 die
1106 1504 1150 1544 te
1173 1500 1344 1543 Keulen
1377 1513 1455 1542 een
1489 1498 1613 1541 werk
1646 1513 1728 1542 van
1757 1499 1970 1542 Reuchlin

343 1570 561 1627 openbaar
583 1569 799 1613 verbrand
822 1570 924 1622 had,
950 1569 1080 1612 sterft
1102 1574 1145 1612 te
1167 1570 1199 1612 's
1217 1567 1592 1624 Hertogenbosch.

385 1664 431 1696 R.
452 1664 494 1696 P.
515 1663 613 1706 Mag.
639 1663 805 1696 Joannes
823 1663 868 1695 de
887 1662 1001 1700 Colle,
1022 1672 1049 1694 s.
1070 1662 1122 1694 th.
1143 1662 1285 1700 doctor,
1306 1662 1406 1694 eirea
1431 1670 1569 1694 annum
1587 1660 1670 1693 1485
1695 1659 1970 1702 professionem

343 1719 380 1751 in
413 1718 483 1750 hoe
515 1720 699 1750 conventu
732 1716 1041 1760 [Buscodueensi]
1075 1717 1211 1755 emisit,
1245 1717 1283 1748 in
1316 1726 1388 1757 quo
1420 1718 1505 1758 post
1536 1725 1564 1748 s.
1604 1715 1820 1757 theologiae
1851 1714 1971 1747 lector

343 1774 520 1811 existens,
551 1782 646 1805 anno
677 1772 760 1805 1504
789 1774 939 1805 octavus
971 1774 1056 1813 post
1082 1772 1414 1812 reformationem3
1446 1780 1542 1804 anno
1570 1780 1658 1804 vero
1689 1769 1774 1802 1510
1805 1769 1971 1802 decimus

344 1829 448 1870 prior
472 1827 638 1870 eligitur,
665 1837 737 1868 quo
762 1829 932 1869 tempore
957 1830 994 1860 et
1018 1827 1228 1869 magisterii
1257 1827 1415 1869 gradum
1443 1826 1625 1868 suscepit3
1654 1825 1727 1858 fuit
1758 1824 1972 1857 haereticae

344 1883 539 1924 pravitatis
571 1883 771 1923 inquisitor
796 1883 1012 1920 acerrimuS,
1047 1882 1084 1914 in
1117 1891 1190 1922 qua
1221 1881 1401 1922 qualitate
1434 1890 1549 1923 opera
1578 1880 1736 1914 Joannis
1767 1879 1972 1913 Reuehlini

344 1938 389 1972 de
404 1943 483 1971 arte
499 1937 713 1971 cabalistica
735 1937 891 1969 vulcano
911 1937 1065 1969 tradidit
1083 1937 1259 1969 Coloniae
1276 1937 1314 1969 in
1332 1936 1492 1969 ecclesia
1514 1946 1542 1968 s.
1561 1936 1752 1976 Andreae3
1771 1935 1843 1967 fuit
1860 1935 1973 1967 etiam

345 1994 527 2025 diffinitor
542 1992 697 2034 capituli
720 1991 961 2034 provincialis
981 1991 1178 2033 Ultrajeeti
1197 2001 1292 2024 anno
1312 1992 1396 2024 1517
1419 1991 1622 2031 celebrati;
1641 1991 1687 2023 ad
1704 1999 1862 2032 superos
1879 1989 1974 2022 abiit

344 2048 365 2080 9
383 2049 470 2081 Dec.
492 2048 587 2080 1519.

692 2102 847 2135 Archief
863 2111 932 2135 van
950 2102 1014 2135 het
1031 2102 1488 2135 Predikheerenklooster
1501 2103 1537 2134 te
1551 2101 1659 2139 Gent,
1674 2100 1747 2133 HS.
1767 2099 1972 2134 Chronicon

736 2163 929 2191 conventus
956 2157 1255 2199 Buscoducensis,
1280 2157 1345 2190 fol.
1372 2157 1425 2189 31.
1444 2175 1487 2180 -
1510 2157 1573 2190 Zie
1593 2155 1732 2199 Corpus
1754 2155 1783 2194 Ι,
1802 2155 1872 2188 blz.
1892 2154 1967 2187 518.

1113 2306 1198 2348 29.

417 2440 706 2485 1510-1520,
754 2435 938 2477 Utreclzt
973 2448 1030 2477 en
1054 2435 1198 2489 Delfi.
1227 2437 1560 2494 Aanteekening
1591 2451 1678 2480 van
1708 2436 1969 2481 Schoockius

347 2521 450 2550 over
478 2508 559 2550 den
592 2507 911 2550 Utrechtschen
935 2506 1195 2562 predikheer
1217 2509 1423 2560 Wouter,
1447 2507 1515 2549 die
1539 2507 1664 2549 reeds
1694 2507 1738 2549 in
1774 2506 1889 2550 1510
1925 2510 1969 2549 te

346 2577 531 2619 Utrecht
553 2590 658 2618 eene
681 2575 930 2618 kettersche
952 2575 1144 2631 houding
1181 2576 1266 2618 had
1302 2590 1617 2632 aangenomen,
1659 2589 1781 2618 maar
1815 2573 1967 2618 alsdan

345 2645 534 2700 herriep,
562 2659 615 2687 en
640 2645 706 2686 die
738 2645 781 2686 in
821 2644 934 2687 1520
956 2657 1064 2686 naar
1095 2644 1208 2688 Delft
1231 2645 1429 2688 vluohtte
1471 2659 1524 2687 en
1562 2659 1610 2687 er
1646 2645 1689 2687 in
1721 2641 1967 2696 wereldlijk

346 2714 526 2768 gewaad
548 2714 719 2755 ieverde
742 2714 784 2755 in
809 2714 893 2755 den
916 2713 1216 2756 Lutherschen
1238 2713 1307 2756 zin
1330 2718 1462 2769 tegen
1480 2714 1562 2758 den
1581 2712 1888 2756 aflaathandel.
1912 2737 1966 2744 —-
2027 2745 2031 2749 .

345 2782 447 2824 Men
469 2782 649 2823 noemde
686 2781 786 2823 hem
820 2780 902 2823 den
940 2781 1239 2825 Lutherschen
1278 2781 1456 2824 monnik
1495 2796 1549 2825 en
1585 2781 1645 2839 hij
1681 2780 1891 2824 verwierf
1917 2794 1966 2824 er

389 2935 436 2973 (1)
450 2935 534 2967 Men
550 2939 649 2968 moet
662 2935 764 2969 lezen
782 2934 932 2979 Pa‘pilo,
947 2936 1169 2979 verkorting
1185 2946 1276 2969 voor
1291 2936 1517 2981 Pampilone
1529 2936 1802 2979 (Pampeluna).
