2096 3481
298 302 339 335 32
988 298 1126 334 ANNO
1151 300 1237 333 1520

341 412 364 453 ἓ
383 410 435 444 15.
462 410 640 445 Civitates
667 419 769 450 vero,
799 409 976 449 dominia,
1005 411 1138 450 terras,
1167 411 1302 446 castra,
1331 408 1452 449 villas,
1481 409 1693 450 comitatus,
1721 408 1922 449 fortalicia,

301 466 439 508 oppida
462 467 501 499 et
525 466 608 499 loca
623 474 879 508 quaecumque
902 465 1062 499 ubilibet
1084 466 1329 498 consistentia
1345 473 1475 498 eorum
1499 466 1539 498 et
1560 474 1692 498 eorum
1713 464 1924 507 respective

299 520 622 563 metropolitanas,
648 519 895 559 cathedrales,
921 520 1141 564 collegiatas
1165 521 1203 554 et
1226 520 1318 553 alias
1343 518 1534 559 ecclesias,
1558 520 1799 559 monasteria,
1823 519 1924 562 prio·

298 576 416 614 ratus,
451 575 595 615 domus,
621 576 825 609 conventus
851 576 888 608 et
913 575 996 608 loca
1025 575 1207 618 religiosa
1228 574 1287 608 vel
1310 575 1384 617 pia,
1411 575 1679 616 qu'uscumque
1703 575 1858 614 ordinis,
1883 574 1926 607 ut

299 631 526 673 praefertur,
545 632 590 664 ad
608 640 702 673 quae
719 632 929 673 praefatum
946 630 1149 664 Martinum
1172 630 1230 664 vel
1255 630 1419 672 aliquem
1443 639 1490 663 ex
1512 630 1716 672 praedictis
1734 629 1924 663 declinare

298 686 514 729 contigerit,
542 687 719 728 quamdiu
742 686 794 719 ibi
817 686 1096 728 permanserint
1119 687 1157 719 et
1180 686 1304 719 triduo
1329 686 1415 728 post
1436 694 1639 724 recessum,
1669 684 1924 718 ecclesiastico

298 741 517 782 subjicimus
533 742 746 775 interdicto.

341 796 434 835 §16
462 797 510 829 Et
539 798 581 829 ut
611 797 818 838 praemissa
848 795 1020 828 omnibus
1051 795 1273 834 innotescat,
1306 796 1525 829 mandamus
1556 796 1712 837 insuper
1738 795 1925 829 universis

299 851 536 891 patriarchis,
567 851 872 893 archiepiscopis,
903 851 1101 892 episcopis,
1135 850 1456 892 patriarchalium,
1489 850 1866 892 metropolitanarum
1888 850 1927 883 et

300 905 458 938 aliarum
496 906 768 939 cathedralium
807 916 849 938 ac
889 905 1175 948 collegiatarum
1214 905 1458 938 ecclesiarum
1499 905 1691 947 praelatis,
1736 904 1922 947 capitulis,

299 959 458 1001 aliisque
485 961 657 1003 personis
689 961 965 999 ecclesiasticis,
993 960 1248 993 saecularibus
1280 962 1318 993 et
1349 961 1565 1002 quorumvis
1595 961 1768 993 ordinum
1797 968 1925 1002 supra-

300 1015 484 1048 dictorum
500 1016 752 1059 regularibus,
767 1016 960 1054 fratribus,
975 1015 1178 1058 religiosis,
1193 1015 1387 1048 monachis
1401 1016 1584 1057 exemptis
1599 1017 1636 1048 et
1649 1025 1724 1047 non
1741 1014 1925 1056 exemptis

299 1071 536 1111 supradictis,
566 1071 725 1104 ubilibet
750 1071 974 1112 pracsertim
1001 1071 1040 1103 in
1067 1070 1265 1103 Alemania
1295 1071 1521 1108 constitutis,
1552 1071 1735 1111 quatenus
1766 1070 1838 1111 ipsi
1865 1068 1925 1102 vel

300 1134 430 1157 eorum
455 1125 614 1166 quilibet
638 1126 705 1158 sub
730 1125 915 1158 similibus
939 1126 1108 1159 censuris
1132 1127 1170 1158 et
1192 1126 1337 1167 poenis,
1356 1135 1400 1158 eo
1425 1125 1506 1166 ipso
1529 1125 1778 1163 incurrendis,
1798 1124 1926 1157 Marti-

300 1189 400 1218 num,
438 1189 640 1222 omnesque
675 1182 713 1213 et
746 1181 915 1223 singulos
954 1181 1202 1222 supradictos,
1237 1181 1300 1221 qui
1339 1180 1466 1221 elapso
1506 1180 1666 1213 termino
1707 1179 1924 1221 hujusmodi

299 1236 484 1268 mandatis
502 1245 567 1268 scu
584 1236 737 1268 monitis
755 1236 893 1268 nostris
918 1245 992 1268 non
1019 1236 1228 1277 paruerint,
1247 1236 1284 1267 in
1310 1244 1441 1268 eorum
1467 1234 1648 1273 ecclesiis,
1669 1234 1865 1267 dominicis
1888 1234 1927 1267 et

299 1289 383 1322 aliis
407 1291 551 1323 festivis
576 1291 719 1329 diebus,
739 1291 825 1323 dum
843 1291 935 1323 inibi
952 1291 1073 1332 major
1096 1290 1227 1332 populi
1249 1290 1450 1322 multitudo
1476 1290 1522 1322 ad
1545 1290 1670 1322 divina
1693 1289 1923 1328 convenerit,

299 1345 507 1378 declaratos
532 1345 741 1378 haereticos
767 1347 804 1378 et
819 1347 1086 1378 condemnatos
1102 1345 1252 1387 publice
1270 1346 1448 1378 nuncient
1463 1345 1678 1386 faciantque
1694 1345 1732 1377 et
1747 1344 1927 1377 mandent

301 1399 345 1431 ab
364 1399 448 1432 aliis
465 1400 636 1432 nunciari
653 1403 691 1433 et
708 1401 752 1433 ab
771 1401 942 1433 omnibus
960 1401 1099 1432 arctius
1116 1400 1262 1433 evitari.

341 1455 434 1495 §IT
462 1455 616 1487 Necnon
642 1455 813 1488 omnibus
838 1455 978 1488 Christi
1002 1455 1188 1493 fidelibus,
1230 1456 1272 1487 ut
1306 1464 1370 1487 eos
1406 1455 1559 1493 evitent,
1592 1454 1676 1496 pari
1710 1455 1820 1486 modo
1857 1453 1924 1486 sub

299 1510 501 1551 praedictis
526 1511 694 1543 censuris
719 1511 757 1543 et
778 1511 922 1551 poenis.
942 1510 991 1543 Et
1010 1511 1229 1551 praesentes
1255 1509 1386 1543 literas
1410 1509 1469 1542 vel
1494 1518 1624 1542 earum
1647 1510 1925 1550 transumptum

300 1565 368 1597 sub
400 1565 522 1597 forma
552 1565 793 1606 infrascripta
823 1566 975 1603 factum,
1008 1566 1047 1597 in
1078 1574 1210 1598 eorum
1241 1564 1422 1603 ecclesiis,
1452 1564 1706 1603 monasteriis,
1737 1563 1922 1602 domibus,

298 1620 542 1652 conventibus
574 1621 612 1653 et
639 1620 723 1652 aliis
751 1620 843 1652 locis
871 1620 960 1662 legi,
989 1619 1175 1661 publicari
1207 1621 1318 1661 atque
1350 1620 1454 1662 affigi
1484 1620 1636 1652 faciant.
1663 1619 1926 1652 Excommuni-

297 1683 424 1707 camus
452 1684 599 1715 quoque
627 1676 665 1708 et
688 1675 1044 1708 anathematizamus
1073 1684 1202 1708 omnes
1229 1676 1267 1708 et
1294 1674 1463 1717 singulos
1495 1675 1764 1716 cuiuscumque
1791 1674 1922 1712 status,

298 1730 449 1772 gradus,
475 1730 712 1768 conditionis,
738 1730 1070 1772 praeeminentiae,
1097 1730 1292 1772 dignitatis
1320 1731 1384 1762 aut
1407 1729 1654 1763 excellentiae
1680 1728 1824 1762 fuerint
1847 1728 1923 1769 qui,

298 1785 496 1825 quominus
531 1786 749 1826 praesentes
777 1785 911 1818 literae
934 1784 993 1818 vel
1018 1794 1147 1817 earum
1171 1786 1417 1826 transumpta,
1447 1784 1578 1826 copiae
1605 1793 1672 1817 seu
1696 1783 1927 1825 exemplaria

297 1840 335 1871 in
350 1840 426 1872 suis
439 1840 551 1872 terris
575 1842 613 1873 et
629 1841 804 1872 dominiis
832 1840 921 1882 legi,
941 1840 1044 1882 affigi
1068 1841 1107 1872 et
1129 1839 1315 1881 publicari
1331 1840 1488 1882 possint,
1507 1839 1680 1878 fecerint,
1698 1838 1757 1872 vel
1775 1847 1925 1880 quoquo

298 1895 408 1926 modo
425 1896 722 1936 procuraverint,
751 1904 820 1937 per
843 1905 883 1928 se
906 1895 964 1928 vel
990 1895 1104 1928 alium
1128 1904 1194 1928 seu
1219 1895 1324 1934 alios,
1349 1895 1500 1937 publice
1516 1894 1575 1928 vel
1608 1893 1765 1933 occulte,
1785 1893 1927 1927 directe

298 1949 355 1982 vel
374 1950 569 1989 indirecte,
588 1951 701 1983 tacite
718 1950 776 1983 vel
790 1959 980 1992 expresse.

340 2005 363 2045 ἓ
387 2004 438 2037 18.
465 2005 662 2038 Postremo
680 2006 769 2046 quia
799 2005 951 2038 difficile
975 2006 1075 2038 foret
1097 2006 1315 2047 praesentes
1339 2005 1469 2038 literas
1500 2005 1547 2037 ad
1575 1998 1726 2046 singula
1756 2012 1927 2044 quaeque

297 2059 381 2092 loca
404 2060 556 2098 deferri,
581 2060 621 2092 in
645 2061 779 2101 quibus
804 2061 1057 2094 necessarium
1080 2061 1191 2099 foret,
1215 2060 1386 2093 volumus
1411 2061 1450 2092 et
1473 2058 1680 2101 apostolica
1703 2058 1927 2091 auctoritate

299 2114 546 2154 decernimus,
565 2116 663 2156 quod
691 2124 820 2148 earum
844 2116 1088 2157 transumptis
1112 2124 1224 2148 manu
1251 2114 1393 2156 publici
1416 2115 1555 2147 notarii
1579 2114 1760 2146 confectis
1777 2113 1817 2146 et
1843 2113 1926 2145 sub-

298 2170 441 2210 criptis‚
460 2169 517 2202 vel
540 2170 578 2202 in
601 2169 710 2203 Alma
735 2170 837 2203 Urbe
864 2171 1070 2211 impressis,
1097 2171 1135 2203 et
1159 2170 1285 2212 sigillo
1310 2169 1469 2211 aliquus
1493 2168 1739 2202 ecclesiastici
1765 2167 1926 2209 praelati

298 2225 463 2262 munitis,
489 2225 628 2266 ubique
656 2227 787 2263 stetur,
814 2227 852 2258 et
874 2225 986 2267 plena
1009 2225 1103 2258 fides
1131 2225 1366 2263 adhibeatur,
1394 2225 1509 2265 prout
1526 2222 1775 2266 originalibus
1803 2222 1925 2255 literis

298 2280 462 2312 staretur
479 2282 517 2312 et
541 2279 797 2319 adhiberetur,
816 2281 847 2312 si
863 2281 990 2313 forent
1005 2280 1196 2313 exhibitae
1220 2279 1279 2312 vel
1297 2280 1481 2311 ostensae.

341 2335 364 2374 ἓ
389 2334 440 2366 19.
467 2335 515 2367 Et
531 2344 577 2368 ne
600 2336 792 2377 praefatus
817 2335 1002 2368 Martinus
1031 2344 1234 2376 omnesque
1251 2334 1316 2367 alii
1335 2333 1557 2381 supradicti,
1588 2342 1680 2374 quos
1707 2332 1926 2374 praesentes

299 2387 431 2421 literae
456 2390 737 2430 quomodolibet
752 2392 995 2429 concernunt,
1025 2390 1278 2433 ignorantiam
1296 2389 1511 2422 earumdem
1542 2388 1738 2421 literarum
1754 2388 1792 2420 et
1814 2387 1853 2419 in
1871 2387 1926 2420 eis

300 2445 561 2476 contentorum
589 2446 756 2478 omnium
783 2446 820 2478 et
848 2445 1084 2488 singulorum
1124 2445 1374 2486 praetendere
1408 2443 1568 2481 valeant,
1594 2442 1724 2475 literas
1758 2442 1859 2483 ipsas
1886 2442 1926 2474 in

299 2497 476 2532 basilicae
500 2500 681 2541 principis
706 2500 962 2542 apostolorum
979 2502 1018 2533 et
1040 2499 1288 2533 cancellariae
1312 2497 1539 2540 apostolicae
1563 2506 1708 2530 necnon
1732 2496 1926 2529 cathedra-

298 2552 390 2585 lium
403 2554 646 2587 ecclesiarum
659 2556 1049 2598 Brandenburgensis,
1065 2555 1265 2588 Misnensis
1283 2555 1321 2587 et
1333 2553 1612 2595 Mespergensis
1625 2552 1666 2594 (2)
1679 2551 1805 2584 valvas
1820 2551 1925 2593 affigi

301 2610 338 2640 et
351 2608 534 2649 publicari
559 2610 742 2643 volumus
762 2611 1029 2649 Decernentes‚
1056 2611 1155 2651 quod
1173 2609 1389 2643 earumdem
1415 2608 1612 2641 literarum
1634 2606 1839 2648 publicatio
1872 2606 1926 2638 sic

299 2663 409 2701 facta,
436 2665 691 2705 supradictum
708 2665 912 2698 Martinum
930 2674 1133 2706 omnesque
1150 2664 1243 2697 alios
1261 2665 1299 2697 et
1315 2663 1483 2705 singulos
1499 2662 1816 2704 praenominatos,
1832 2669 1924 2702 quos

300 2716 434 2750 literae
469 2718 685 2760 hujusmodi
723 2719 1006 2761 quomodolibet
1035 2720 1278 2758 concernunt,
1310 2718 1468 2760 perinde
1499 2714 1656 2755 arctent,
1686 2716 1762 2748 acsi
1792 2715 1925 2749 literae

300 2772 404 2813 ipsae
422 2773 481 2805 die
498 2774 685 2806 affixionis
703 2777 740 2807 et
763 2775 1028 2816 publicationis
1052 2775 1268 2816 hujusmodi
1291 2774 1346 2806 eis
1369 2771 1620 2814 personaliter
1642 2771 1763 2804 lectae
1787 2771 1825 2803 et
1840 2771 1925 2803 inti-

300 2828 422 2860 matae
456 2829 592 2867 forent,
621 2839 704 2862 cum
729 2840 803 2862 non
842 2831 891 2862 sit
916 2829 1133 2868 verisimile,
1174 2829 1273 2870 quod
1300 2837 1346 2861 ea
1369 2836 1463 2868 quae
1502 2828 1578 2859 tam
1607 2826 1781 2868 patenter
1814 2825 1922 2864 fiunt,

301 2882 462 2914 debeant
478 2884 575 2924 apud
592 2893 656 2916 eos
669 2885 862 2927 incognita
873 2893 1081 2917 remanere.

344 2937 367 2977 ἓ
389 2936 443 2975 20,
470 2938 553 2970 Non
571 2938 805 2972 obstantibus
829 2939 1159 2972 constitutionibus
1176 2939 1214 2971 et
1230 2936 1528 2970 ordinationibus
1553 2934 1780 2977 apostolicis,
1799 2943 1866 2968 seu
1889 2934 1922 2967 si

302 2991 529 3032 supradictis
547 2993 717 3026 omnibus
746 2995 783 3027 et
807 2993 965 3036 singulis
990 2994 1047 3027 vel
1073 3002 1203 3027 eorum
1235 2993 1347 3026 alicui
1371 2992 1434 3025 aut
1458 2990 1648 3032 quibusvis
1677 2989 1760 3023 aliis
1788 2999 1810 3023 a
1832 2990 1921 3023 sede
