2096 3481
258 270 301 302 92
957 259 1093 294 ANNO
1122 257 1205 290 1522

776 400 970 435 Articulus
996 400 1195 433 vicesimus
1221 400 1390 441 quartus.

305 471 632 512 (¹0m·upis‹w111ia‚
653 479 725 510 qne
750 469 787 500 in
812 468 1000 509 baptizato
1024 466 1267 508 relinquitur,
1295 467 1353 498 est
1376 466 1575 506 peccatum
1592 464 1749 506 proprie
1767 463 1908 496 (lictum

260 532 391 559 cctvntra
411 526 507 559 lianc
526 525 650 567 legem
670 524 737 557 Dei
758 533 765 555 :
786 521 873 555 Non
891 523 1134 565 concupisces.

782 598 975 632 Articulus
1000 599 1201 631 vicesimus
1227 598 1391 639 quintus.

303 672 397 702 raro
429 669 493 701 tali
521 666 828 709 concupiscentia
870 666 1010 697 infecta
1039 665 1085 697 ad
1115 674 1224 696 omm-v
1255 674 1347 705 opus
1378 663 1488 696 liberi
1519 663 1666 704 arbitrij
1698 661 1903 698 concurrit,

261 726 358 759 unde
378 723 571 766 quodlibet
591 732 684 764 opus
704 722 909 753 humanum
928 722 1122 762 peccatum
1142 720 1316 752 eflicitur.

790 798 984 832 Articulus
1013 798 1212 830 vicesimus
1238 799 1379 830 sextus.

304 871 410 904 Idem
428 869 658 903 censendum
679 868 737 900 cst
754 867 799 899 de
816 865 989 898 martirio
1008 864 1114 896 Petri
1133 865 1170 897 ct
1187 863 1349 896 aliorum
1367 863 1583 896 sanctorum
1602 861 1791 904 operibus.

769 943 963 979 Articulus
989 942 1189 975 vicesimus
1215 942 1410 984 septimus

307 1017 447 1050 Omnes
466 1014 564 1057 layci
584 1013 670 1046 sunt
689 1011 918 1045 sacerdotes.

783 1089 977 1124 Articulus
1002 1088 1203 1121 vicesimus
1228 1088 1392 1120 octavus.

305 1162 375 1201 Qui
392 1164 515 1193 munet
536 1161 572 1192 in
590 1160 744 1201 peccato
760 1156 925 1195 mortali,
942 1165 1015 1189 non
1034 1156 1160 1188 manci
1176 1155 1213 1187 in
1227 1155 1428 1196 baptismo,
1444 1153 1672 1192 sacerdotio,
1692 1153 1911 1195 episcopatu

264 1221 300 1251 ct
318 1220 471 1259 papatu.

800 1268 995 1301 Articulus
1020 1266 1222 1299 vicesimus
1249 1275 1382 1298 nonus.

304 1338 555 1381 Displicentia
588 1337 634 1370 de
665 1336 831 1378 peccatis
865 1334 1039 1367 admissis
1073 1343 1147 1365 non
1181 1333 1238 1365 est
1269 1332 1330 1364 via
1362 1332 1407 1364 ad
1438 1331 1600 1375 gratiam
1627 1330 1910 1372 Justificantem,

262 1396 326 1428 sed
346 1405 365 1427 c
383 1393 574 1427 contrario
593 1392 717 1436 gratia
734 1393 791 1424 cst
808 1391 869 1423 via
886 1390 931 1423 ad
949 1390 1070 1431 ipsam
1089 1387 1382 1429 displicentiam.

906 1465 1101 1500 Articulus
1142 1464 1369 1498 tricesimus.

304 1540 422 1573 Dolor
439 1539 484 1571 de
503 1548 576 1570 uno
593 1537 762 1579 peceato,
781 1536 862 1567 sine
888 1534 1019 1566 dolore
1045 1532 1225 1570 omnium,
1245 1535 1304 1564 est
1328 1531 1540 1573 peccatum.

305 1609 321 1622 u
341 1595 480 1628 Omnes
499 1594 618 1636 igitur
635 1594 672 1625 et
689 1590 860 1633 singulos
878 1588 1116 1631 supradictos
1134 1587 1315 1620 articulos
1333 1596 1483 1625 reVOCO,
1499 1585 1664 1628 reprobo
1682 1585 1721 1618 et
1734 1585 1909 1626 dampno.

258 1654 425 1690 Quorum
454 1649 605 1690 quidem
633 1647 881 1680 articulorum
897 1644 1014 1685 aliqui
1029 1644 1117 1676 sunt
1133 1643 1282 1675 notorie
1296 1642 1459 1675 heretici
1472 1643 1510 1674 et
1528 1651 1549 1674 a
1563 1641 1704 1673 sanctis
1734 1640 1909 1682 patribus

258 1705 464 1747 reprobati,
484 1704 635 1745 quidam
648 1711 737 1735 vero
752 1700 977 1737 scandalosi,
994 1698 1058 1731 alii
1075 1708 1164 1731 vero
1190 1698 1338 1739 piarum
1364 1697 1513 1730 aurium
1528 1695 1713 1734 offensivi‚
1730 1695 1905 1728 nonnulli

258 1760 485 1802 simplicium
502 1759 684 1792 mentium
702 1756 884 1790 seductivi
902 1756 939 1788 et
953 1764 1084 1786 omnes
1101 1753 1235 1795 pietati
1253 1762 1296 1786 ac
1313 1753 1397 1794 paci
1414 1751 1623 1784 christiane
1641 1751 1906 1784 adversantur.

256 1817 446 1850 Profiteor
463 1816 588 1847 autem
605 1813 675 1846 hec
692 1812 819 1845 omnia
843 1820 937 1852 pure
955 1811 992 1842 et
1009 1810 1091 1842 sine
1109 1809 1328 1841 conditione
1353 1817 1400 1840 ex
1418 1807 1543 1840 animo
1562 1807 1711 1839 sincero
1730 1805 1842 1847 plene
1861 1806 1907 1839 de

257 1872 416 1905 veritate
441 1871 659 1906 instructus,
685 1870 722 1900 et
746 1868 832 1909 Juro
861 1875 930 1907 per
955 1866 1123 1898 sanctam
1151 1863 1380 1897 Trinitatem
1406 1864 1445 1895 et
1473 1871 1542 1904 per
1570 1861 1640 1895 hee
1669 1861 1913 1894 sacrosancta

259 1926 457 1969 evangelia
483 1935 542 1957 me
570 1925 609 1956 in
637 1923 797 1956 veritate
825 1920 985 1955 ecclesie
1014 1919 1200 1952 catholice
1241 1927 1391 1960 semper
1420 1919 1457 1950 et
1487 1918 1569 1950 sine
1598 1917 1712 1950 dubio
1739 1925 1913 1958 perman-

260 1991 390 2015 surum
422 1984 459 2013 et
490 1989 632 2016 omnes.
668 1979 731 2020 qui
771 1979 904 2010 contra
935 1975 1033 2008 hanc
1064 1976 1177 2007 fidem
1211 1974 1385 2007 venerint
1417 1983 1502 2005 cum
1536 1972 1777 2015 dogmatibus
1818 1971 1910 2010 suis,

259 2039 390 2070 eterno
419 2035 658 2069 anathemate
687 2034 823 2076 (lignos
863 2042 946 2065 esse
973 2030 1193 2073 pronuntio.
1228 2030 1276 2062 Et
1308 2029 1340 2061 si
1368 2038 1440 2071 ego
1466 2028 1548 2070 ipse
1566 2027 1769 2068 aliquando
1793 2027 1912 2068 (quod

261 2093 371 2132 absit)
389 2091 517 2132 aliqua
544 2091 677 2122 contra
701 2088 844 2121 sentire
869 2088 934 2120 aut
955 2086 1153 2128 predicare
1180 2093 1461 2126 presumpsero,
1488 2092 1676 2115 canonum
1716 2081 1911 2115 severitati

259 2147 473 2188 subjaceam
491 2148 528 2178 et
545 2147 675 2178 eterne
694 2153 790 2185 pene
808 2142 998 2184 obligatus
1018 2141 1202 2173 inveniar.
1225 2155 1240 2168 n

304 2202 351 2236 Et
370 2203 509 2242 absque
527 2201 654 2241 aliqua
670 2208 776 2231 mora
793 2197 908 2230 simili
925 2197 1036 2229 modo
1055 2195 1321 2237 pronunciavit
1338 2193 1614 2234 subsequentia
1632 2203 1640 2225 ε

308 2271 323 2284 u
343 2257 529 2295 Quoniam
553 2255 703 2287 videtur
727 2253 908 2295 expedire
932 2254 1018 2294 post
1052 2251 1334 2284 revocationem
1361 2250 1500 2282 factam
1534 2248 1808 2290 aliquantisper
1831 2257 1914 2282 eam

266 2312 474 2350 declarare,
493 2311 734 2353 potissimum
752 2310 790 2341 ut
809 2318 879 2350 ego
899 2307 1060 2339 lucidius
1078 2305 1317 2338 manifestem
1335 2305 1448 2336 fidem
1465 2305 1503 2336 et
1521 2303 1914 2336 eredulitatemmeam

264 2368 363 2400 eirca
381 2376 425 2399 ca
444 2375 539 2407 quae
556 2364 761 2407 predicavi,
782 2363 893 2395 docui
909 2362 966 2394 vel
986 2361 1087 2394 sensi
1112 2360 1170 2393 vel
1186 2361 1230 2393 de
1248 2360 1385 2401 quibus
1402 2358 1667 2391 confabulatus
1685 2368 1779 2397 sum,
1798 2358 1915 2390 mani-

266 2424 361 2455 festo
380 2424 417 2454 et
434 2420 638 2463 pronuntio
656 2420 768 2452 fidem
786 2427 907 2450 meam
935 2418 980 2449 de
1007 2415 1254 2449 sacramentis
1272 2414 1444 2452 ecclesie,
1464 2414 1502 2446 et
1529 2422 1657 2446 assero
1680 2423 1741 2446 me
1758 2413 1914 2446 credere

266 2478 364 2518 quod
394 2477 439 2509 de
463 2476 538 2508 illis
564 2476 670 2508 tenet
692 2478 730 2507 et
754 2473 884 2506 credet
912 2473 1042 2504 sancta
1068 2472 1190 2503 mater
1218 2469 1380 2502 ecclesia
1405 2469 1590 2507 Romana,
1623 2478 1706 2501 esse
1738 2467 1916 2501 videlicet

266 2534 410 2573 septem
428 2532 674 2567 sacramenta,
694 2528 839 2562 scilieet
862 2527 1104 2569 baptismum,
1127 2525 1394 2567 penitenciam,
1422 2523 1703 2561 eucharistiam,
1722 2523 1916 2556 confirma-

267 2588 420 2625 tionem,
447 2587 631 2624 ordinem,
650 2583 935 2617 matrimonium
967 2583 1005 2614 et
1028 2582 1238 2614 extremam
1278 2580 1491 2617 uncionem,
1509 2579 1686 2611 instituta
1710 2588 1732 2611 a
1749 2577 1912 2612 Christo.

268 2642 374 2680 Quod
403 2643 528 2674 autem
558 2640 668 2673 aliter
697 2638 807 2671 docui
835 2637 893 2670 vel
922 2636 1128 2679 predicavi,
1147 2636 1272 2669 erravi
1296 2635 1335 2667 in
1361 2635 1447 2671 fide,
1477 2643 1676 2667 numerum
1705 2642 1916 2667 sacramen-

269 2703 392 2729 torum
411 2706 431 2729 a
452 2696 603 2729 Christo
622 2694 803 2727 traditum
821 2693 1008 2725 minuens.

320 2765 335 2777 u
355 2751 446 2784 Dico
475 2750 639 2783 heresim
668 2759 750 2782 esse
775 2748 892 2780 laicos
911 2757 993 2780 esse
1011 2747 1228 2779 sacerdotes
1246 2747 1283 2779 et
1301 2745 1414 2778 credo
1433 2754 1515 2777 esse
1533 2744 1681 2786 precise
1699 2744 1915 2776 sacerdotes

275 2807 470 2838 ordinatos
489 2806 533 2837 ab
553 2804 740 2846 episcopis
766 2803 973 2835 secundum
990 2802 1106 2834 ritum
1124 2801 1295 2839 ecclesie,
1316 2809 1385 2833 nec
1409 2800 1583 2832 sufficere
1601 2799 1647 2832 ad
1663 2798 1917 2831 sacerdotium

271 2861 370 2902 quod
398 2861 482 2901 quis
507 2870 547 2893 se
570 2861 649 2892 Deo
676 2859 823 2891 offerat.
849 2857 957 2895 Quod
981 2859 1106 2890 autem
1133 2856 1244 2889 aliter
1271 2855 1560 2897 predicaverim,
1589 2854 1713 2886 erravi
1738 2853 1916 2896 dignitati

272 2915 495 2949 sacerdotali
514 2916 702 2957 derogans
720 2915 757 2946 et
773 2913 1037 2945 confusionem
1053 2913 1091 2944 in
1109 2913 1209 2944 statu
1227 2910 1524 2943 christianorum
1540 2910 1735 2942 inducens.

318 2984 334 2997 α
355 2971 410 3005 De
429 2969 677 3016 indulgentiis
691 2970 817 3003 autem
831 2967 945 3005 credo
959 2967 1224 3005 confidendum
1238 2975 1321 3000 esse
1333 2965 1372 3004 in
1386 2965 1441 3003 cis
1455 2965 1502 2999 ad
1513 2964 1781 3004 intencionem,
1790 2972 1865 3011 qua
1875 2963 1914 3000 in
