2096 3481
278 270 339 304 154

970 265 1106 300 ANNO
1132 265 1213 298 1522

495 380 655 413 Coelesti
680 378 859 415 mulcens,
878 376 1088 410 moerentia
1109 377 1263 418 pectora
1278 377 1386 409 curat

496 435 670 478 Unguinc
689 434 826 471 «livino,
846 432 1142 475 languentesque
1166 432 1281 474 erigit
1300 432 1417 469 artus,

497 491 786 530 l‘rostratosque
804 497 915 520 manu
933 496 1073 529 pronus
1090 487 1200 525 levat,
1220 487 1388 528 integrat
1404 495 1538 529 aegras

494 545 714 577 Restitucns
731 544 841 581 vires,
866 542 1139 584 lachrymantia
1155 542 1297 574 lumina
1314 541 1440 583 tergit,

495 598 690 640 Singultus
707 597 869 635 cohibet,
889 596 1040 629 cohibet
1056 597 1229 638 suspiria,
1249 596 1425 636 quaestus

496 653 693 694 Propellit,
715 652 935 692 mediaeque
952 651 1086 683 sedens
1103 660 1171 692 pro
1189 650 1318 683 limine
1336 650 1502 691 spondae

498 708 648 741 Solatur
665 706 844 748 querulos
861 706 1059 747 verbisque
1077 706 1211 738 affatur
1236 705 1377 743 amiciS,

495 764 753 804 Hortaturque
778 762 901 794 animo
919 763 1053 794 cuncta
1075 761 1167 794 haec
1184 761 1383 804 tolerat-ier
1400 769 1518 801 aequo

496 818 743 858 Ostenditque
761 816 854 849 nihil
873 817 1029 849 meritus
1047 817 1187 857 quanta
1208 816 1290 857 ipse
1314 815 1447 856 suique

496 872 743 911 Pcrtulerint,
769 881 862 913 opus
888 880 969 904 esse
985 871 1075 913 pati,
1102 870 1196 903 nihil
1221 880 1303 903 esse
1320 871 1497 903 caducam

496 929 601 961 Hanc
615 928 741 965 vitam,
756 928 909 969 portare
923 935 1071 959 crucem
1091 926 1241 965 debere,
1260 926 1390 958 beatos

497 984 535 1015 Si
553 983 642 1015 olim
660 983 760 1015 inter
776 983 875 1014 cives
894 990 978 1014 cum
995 981 1076 1023 ipso
1094 989 1257 1023 regnare
1272 980 1441 1022 velimus,

495 1038 764 1078 Promittitque
781 1036 891 1069 simul
909 1035 1006 1069 coeli
1022 1035 1198 1068 sublimia
1210 1035 1317 1067 nobis

496 1094 650 1135 sydera,
669 1094 707 1125 et
731 1094 904 1125 aeternos
928 1092 1114 1133 patefacto
1140 1090 1252 1123 corde
1268 1090 1454 1132 benignus

499 1148 723 1185 Thesauros,
742 1147 927 1189 regnique
943 1147 1114 1188 ingentia
1126 1154 1282 1178 munera
1296 1145 1334 1178 et
1350 1145 1491 1186 amplas

498 1203 667 1240 Divitias,
687 1202 789 1234 vivos
807 1203 930 1234 fontes
948 1202 986 1233 et
999 1201 1154 1233 fiumina
1168 1201 1253 1233 viva

497 1259 680 1295 Ostentat,
700 1257 799 1289 dulci
817 1257 1078 1297 ambrosiaque
1095 1256 1133 1288 et
1150 1256 1301 1288 nectare
1318 1255 1438 1297 pascit

494 1314 515 1347 J
521 1323 578 1346 am
604 1312 825 1351 cxhaustos3
844 1311 1084 1352 liquefactam
1103 1311 1264 1343 animam
1283 1319 1378 1342 nova
1394 1309 1534 1352 gaudia
1550 1309 1708 1342 tentant.

499 1369 609 1401 Tanti
629 1369 686 1401 est
708 1367 881 1400 melliflui
906 1366 1025 1399 dulcis
1042 1366 1258 1407 praesentia
1274 1365 1425 1399 Christi.

499 1424 583 1465 Ipse
600 1423 713 1455 ctiam
732 1422 927 1455 nobiscum
944 1430 1019 1454 una
1034 1422 1271 1462 comeditque
1287 1421 1470 1462 bibitque,

497 1479 701 1511 Nobiscum
724 1476 871 1520 vigilat,
896 1476 1091 1509 nobiscum
1116 1476 1224 1509 dulce
1248 1476 1420 1517 quiescit,

499 1533 757 1575 Supponitque
780 1540 931 1564 manum
948 1531 1128 1572 blandusg
1148 1531 1180 1563 si
1196 1531 1342 1563 somnia
1358 1530 1515 1569 terrent,

499 1588 683 1625 Occurrit,
703 1588 819 1619 tetros
838 1587 993 1628 abigens
1018 1595 1063 1618 ea
1078 1586 1223 1618 somnia
1245 1586 1359 1618 visus.

498 1643 536 1675 Si
554 1643 750 1683 quiequam
766 1642 941 1683 petimus,
961 1641 1067 1673 nobis
1091 1641 1295 1683 respondet
1310 1641 1451 1682 amice3

501 1700 538 1731 Si
563 1698 736 1740 legimus,
763 1697 946 1729 lecturam
970 1696 1110 1738 aperit3
1136 1697 1167 1728 si
1192 1696 1417 1738 plaudimus,
1443 1697 1524 1738 ipse

500 1752 705 1794 Applaudit
721 1752 847 1792 nobisg
867 1760 1018 1784 moeror
1034 1761 1102 1783 nos
1119 1752 1287 1792 occupat,
1307 1752 1430 1784 atrum

500 1809 712 1841 Moerorem
729 1806 939 1849 extinguit3
959 1806 990 1838 si
1009 1806 1262 1848 desperamus,
1278 1806 1425 1839 abunde

503 1863 707 1895 Confirmat
724 1861 828 1894 Sacri
845 1861 1014 1894 mulcens
1029 1861 1226 1894 dulcedine
1243 1861 1369 1894 Verbi.

501 1918 585 1959 Ipse
602 1918 725 1958 eaput,
745 1926 812 1949 nos
829 1917 999 1949 membra
1015 1926 1155 1954 sumus,
1172 1926 1239 1948 nos
1257 1916 1438 1957 quidquid
1463 1916 1590 1949 acerbi

499 1973 570 2005 Hic
587 1973 763 2014 patimur,
783 1971 954 2004 Christus
970 1980 1128 2012 presens
1147 1980 1214 2003 nos
1232 1971 1400 2012 adjuvat;
1420 1981 1495 2004 una

499 2027 736 2068 Compatiens
753 2027 917 2068 propriis
934 2026 1123 2059 membris.
1145 2026 1219 2058 Ter
1231 2026 1414 2059 maximus
1427 2035 1520 2068 ergo
1533 2027 1592 2059 est

498 2082 722 2115 Laudandus
738 2082 845 2123 pater
862 2081 926 2114 ille
941 2082 1053 2119 Deus,
1079 2090 1147 2122 per
1162 2080 1266 2113 mille
1284 2090 1467 2113 annorum

505 2137 650 2174 Secula,
677 2137 740 2177 qui
765 2136 922 2168 afflictos
940 2136 1089 2169 tandem
1111 2136 1291 2177 respexit,
1316 2137 1354 2168 et
1376 2137 1498 2178 ipsum

505 2192 665 2225 Demisit
681 2191 786 2224 coelo
806 2191 952 2224 dulcem
977 2200 1045 2223 sua
1069 2191 1208 2234 gaudia
1224 2191 1379 2231 Natum3

507 2247 658 2279 Scilicet
674 2246 863 2278 horrendo
882 2246 945 2287 qui
962 2245 1109 2278 clausos
1126 2254 1278 2278 carcere
1302 2246 1340 2278 et
1356 2245 1456 2278 omni

507 2302 679 2334 Humano
698 2300 838 2333 auxilio
855 2310 990 2333 vacuos
1016 2299 1191 2341 solosque
1215 2299 1368 2333 relictos

502 2357 544 2389 In
563 2356 729 2389 tenebris
746 2355 924 2396 luctuque
941 2356 1047 2398 gravi
1065 2355 1239 2396 tristique
1257 2354 1386 2388 dolore

503 2413 656 2451 Invisat,
677 2412 842 2453 trepidos
860 2410 1133 2450 consolaturus,
1153 2411 1272 2444 amico

506 2467 680 2500 Numinis
710 2476 861 2499 accessu
879 2466 988 2499 sacri.
1009 2466 1249 2508 Sperabimus
1267 2475 1358 2508 ergo

505 2523 549 2555 In
566 2523 728 2555 vanum?
752 2522 849 2559 Non,
876 2531 949 2554 non
968 2521 1154 2562 equidem.
1181 2521 1434 2553 Moerebimus
1451 2529 1543 2563 ergo

503 2578 588 2610 Jam
607 2577 795 2618 deinceps,
822 2586 889 2609 nos
915 2577 1039 2609 tantus
1058 2576 1121 2608 ubi
1136 2575 1349 2618 paracletus
1366 2575 1501 2608 acerbo

506 2633 681 2665 Mocrore
705 2632 862 2664 afflictos
886 2640 1066 2673 praesens
1091 2630 1246 2669 solatur,
1273 2639 1400 2663 amore

507 2688 642 2719 Divino
660 2687 896 2719 inflammans
914 2686 1086 2719 ardentia
1101 2687 1278 2728 pectora?
1301 2686 1431 2728 Longe

509 2742 589 2774 Hoc
607 2742 714 2774 absit.
736 2742 775 2774 Si
792 2742 986 2774 nobiscum
1004 2742 1053 2773 sit
1070 2741 1254 2779 Christus,
1280 2741 1403 2773 inanis

507 2797 575 2829 Est
592 2797 712 2829 omnis
729 2797 853 2834 timor,
880 2796 979 2828 haud
996 2797 1114 2838 possit
1131 2796 1351 2838 contingere
1369 2796 1566 2836 quicquam

508 2853 715 2884 Adversum
734 2851 881 2885 Christo
900 2861 945 2884 ex
964 2852 1086 2883 animo
1101 2851 1314 2883 fidentibus.
1335 2850 1466 2891 Orcus,

511 2907 707 2944 Cerberus,
735 2906 974 2944 Eumenides,
994 2906 1219 2948 Phlegeton,
1238 2905 1410 2947 Cocytus,
1430 2905 1568 2938 Averni

512 2961 606 2993 Tota
623 2961 769 3000 coliem,
786 2961 958 3000 Lethum,
979 2970 1222 3003 quaecunque
1239 2960 1423 3002 angustia,
1443 2959 1597 3001 quodvis
