2096 3481
282 249 346 282 304
970 244 1107 282 ANNO
1133 244 1217 281 1524

284 360 410 396 tatem,
441 366 552 398 quam
581 357 829 400 praetexebat
859 357 931 390 sibi
957 357 1035 399 jam
1063 358 1128 391 diu
1155 359 1241 392 ante
1270 367 1292 391 a
1318 356 1495 400 Philippo
1524 355 1730 400 Burgundo
1757 356 1910 390 factam.

282 413 332 446 At
358 422 402 446 eo
435 412 585 445 nomine
616 412 780 454 primurn
812 413 911 455 apud
941 412 1116 446 Carolum
1147 413 1447 456 Egmondanum‚
1483 410 1631 456 [ducem
1662 410 1841 455 Gelriae],
1874 412 1914 445 et

285 467 369 501 dein
392 476 539 509 quoque
558 467 764 501 Henricum
781 467 981 506 Bamrum,
1000 468 1292 510 UltraJeetinum
1317 468 1548 510 episcopum,
1575 468 1785 506 accusatus,
1804 467 1912 509 quasi

285 524 500 565 arrogasset
531 523 603 556 sibi
633 524 859 564 potestatem
891 533 937 556 ex
968 524 1119 557 erronei
1151 523 1268 557 seculi
1299 523 1463 556 formula
1496 523 1570 557 rite
1602 523 1809 564 ordineque
1837 531 1912 555 non

284 576 457 615 delatam,
476 576 598 610 solum
616 578 728 610 vertit
743 578 1115 621 Argentoratumque
1132 579 1329 612 concessit.

328 633 399 665 Ubi
433 632 519 665 dum
551 633 657 666 sedet
688 633 962 675 scribendoque
1001 633 1121 667 bonae
1157 643 1312 667 caussae
1352 634 1482 667 adesse
1521 633 1659 673 studet,
1699 633 1910 673 Erasmum,

284 697 406 729 quem,
441 688 495 720 uti
527 697 573 721 ex
605 689 687 730 ejus
719 688 888 730 epistolis
920 688 1051 730 liquet,
1082 689 1243 722 amicum
1275 689 1470 727 habuerat,
1500 688 1695 721 inimicum
1722 688 1833 730 cepit,
1867 697 1912 721 eo

284 752 401 783 usque
427 744 468 775 ut
491 742 552 775 hic
575 742 765 786 evulgarit
789 743 987 785 epistolam
1014 744 1060 776 ad
1083 744 1298 777 Vulturium
1322 744 1556 777 Neocomum
1580 743 1657 776 sive
1675 743 1774 776 hunc
1789 743 1914 784 ipsum

284 796 615 836 Geldenhaurium‚
643 798 707 839 qui
730 798 854 831 minus
879 799 1100 840 tempestive
1125 808 1170 832 ex
1193 799 1342 832 Erasmi
1366 808 1478 832 sensu
1503 797 1700 831 classicum
1724 798 1914 831 cecinerat

284 853 458 893 virosque
486 853 676 895 principes
702 853 747 886 ad
771 853 1082 887 considerandam
1105 853 1299 896 Evangelij
1326 863 1496 886 caussam
1521 853 1762 886 excitaverat.
1790 852 1911 892 Quan-

284 909 358 940 tam
390 916 478 941 vero
511 908 690 950 injuriam
721 908 783 950 pio
817 909 854 942 et
885 908 1027 942 zelotae
1060 909 1293 951 Noviomago
1326 909 1460 942 fecerit
1491 909 1683 946 Erasmus,
1723 909 1828 950 patet
1866 916 1913 941 ex

284 962 444 1003 quodam
469 963 608 1004 scripto
637 962 737 996 lectu
766 973 856 997 sane
885 963 1120 1007 dignissimo,
1147 964 1438 1006 procurantibus
1467 962 1655 1006 theologis
1682 963 1912 1006 Argentora-

285 1018 452 1050 tensibus
477 1018 710 1061 Argentinae
736 1019 836 1052 edito
862 1028 958 1051 anno
986 1018 1069 1051 1530
1094 1019 1162 1051 sub
1186 1018 1257 1051 hoc
1282 1019 1391 1051 titulo
1412 1028 1419 1051 ε
1449 1033 1464 1045 ιι
1482 1018 1655 1060 Epistola
1678 1017 1915 1061 apologetica

284 1073 330 1105 ad
366 1074 593 1115 syncerioris
634 1073 913 1107 Christianismi
949 1075 1155 1107 sectatores
1186 1083 1254 1116 per
1286 1075 1448 1107 Frisiam
1485 1073 1717 1107 Orientalem
1748 1074 1787 1106 et
1822 1072 1914 1106 alias

284 1128 481 1161 Inferioris
506 1129 729 1162 Germaniae
756 1130 946 1172 regiones,
973 1130 1012 1161 in
1037 1138 1110 1170 qua
1133 1129 1327 1172 Evangelij
1358 1129 1498 1162 Christi
1524 1138 1612 1162 vere
1638 1123 1809 1168 studiosi,
1839 1137 1914 1161 non

285 1184 347 1224 qui
365 1192 405 1216 se
422 1183 517 1216 falso
542 1183 790 1226 Evangelicos
807 1185 953 1223 vocant,
981 1185 1024 1217 ab
1054 1185 1099 1226 ijs
1125 1185 1378 1217 defenduntur
1401 1184 1634 1223 criminibus,
1661 1193 1756 1225 quae
1772 1184 1811 1216 in
1828 1182 1915 1216 illos

284 1238 431 1271 Erasmi
446 1238 693 1272 Roterodami
711 1239 871 1281 epistola
889 1240 934 1272 ad
951 1239 1166 1272 Vulturium
1184 1240 1217 1272 N
1221 1248 1415 1272 eocomum
1433 1239 1607 1272 intendit.
1628 1239 1704 1272 Per
1720 1238 1914 1271 ministros

284 1293 477 1336 Evangelii
508 1293 689 1327 ecclesiae
716 1295 1064 1337 Argentoratensis.
1085 1310 1100 1323 n
1130 1295 1186 1328 Ex
1219 1303 1293 1335 qua
1320 1293 1492 1335 epistola,
1524 1294 1580 1326 uti
1609 1292 1753 1335 liquido
1785 1292 1916 1336 colligi

284 1349 409 1390 potest
440 1358 551 1390 quam
582 1349 678 1382 bene
711 1350 756 1383 de
786 1350 1074 1383 Reformatione
1105 1350 1262 1383 meritus
1295 1350 1345 1381 sit
1373 1348 1686 1388 Geldenhaurius,
1716 1348 1770 1381 ita
1797 1357 1843 1382 ex
1871 1357 1918 1381 ea

286 1404 432 1436 constat
453 1404 529 1446 Jam
547 1413 643 1437 anno
662 1404 745 1437 1530
762 1405 945 1447 plurimos
961 1414 1030 1447 per
1046 1404 1221 1448 Belgium
1239 1404 1490 1447 Evangelicae
1516 1404 1709 1437 doctrinae
1726 1403 1916 1437 studiosos

285 1459 416 1492 fuisse.

631 1526 876 1566 Schoockius,
896 1526 1007 1561 Liber
1024 1526 1069 1560 de
1085 1526 1190 1561 bonis
1205 1526 1315 1571 vulyo
1333 1525 1586 1560 ecclesiasticis
1604 1525 1722 1565 dictis,
1741 1525 1812 1559 blz.
1837 1524 1913 1565 456,

678 1582 752 1614 457.
778 1601 822 1606 —
844 1582 907 1616 Zie
937 1582 1135 1626 overigens
1163 1582 1200 1616 J.
1229 1582 1404 1621 Prinsen,
1435 1579 1627 1616 Gerardus
1653 1579 1917 1616 Geldenhauer

676 1638 930 1682 Noviomayus
946 1637 987 1679 ('s
1004 1637 1251 1681 Gravenhage
1269 1637 1382 1680 1898).

1034 1786 1156 1831 254.

352 1929 491 1978 1524,
538 1925 855 1970 Vlacmderen.
879 1923 1120 1968 Uittreksel
1157 1923 1221 1967 uit
1253 1924 1305 1967 de
1331 1924 1603 1981 rekeningen
1626 1937 1710 1967 van
1755 1923 1788 1967 ’s
1806 1922 1910 1968 Kei-

282 2011 378 2041 zers
404 1998 685 2054 algemeenen
719 2001 976 2054 ontvanger‚
1013 2011 1117 2042 over
1151 2012 1257 2041 eene
1299 2011 1390 2041 som
1431 2011 1515 2041 van
1560 2001 1676 2042 twee
1715 1996 1912 2041 honderd

281 2066 411 2123 pond,
431 2066 634 2124 geleverd
654 2070 728 2111 ten
749 2067 940 2112 behoeve
958 2066 1035 2111 der
1051 2066 1478 2124 kettervervoIging,
1501 2080 1584 2111 aan
1611 2066 1637 2110 J
1639 2080 1695 2110 an
1713 2066 1907 2122 Maquet‚

283 2135 552 2193 pauselijken
575 2150 826 2193 procureur.

325 2239 358 2273 A
379 2239 403 2273 J
407 2239 574 2273 ohannes
598 2240 763 2282 Maquet,
789 2241 835 2274 de
858 2240 1034 2281 Binches‚
1059 2248 1269 2284 procureur
1292 2242 1331 2275 et
1353 2241 1574 2283 promoteur
1598 2239 1643 2274 de
1660 2239 1789 2273 nostre
1813 2239 1912 2273 saint

283 2295 380 2328 Pcre
397 2294 432 2328 18
455 2304 563 2338 pape,
582 2305 678 2338 pour
701 2295 737 2330 18
759 2297 829 2330 fait
854 2297 918 2330 des
935 2297 1157 2337 lutheriens,
1184 2296 1221 2330 la
1243 2305 1386 2330 somme
1410 2297 1456 2329 de
1481 2296 1578 2329 deux
1602 2296 1707 2329 cents
1731 2294 1845 2328 livres
1862 2294 1910 2327 du

281 2351 359 2391 pris
389 2351 433 2383 de
461 2350 499 2383 xl
528 2359 629 2393 gros,
659 2360 733 2393 que
759 2361 829 2394 par
856 2352 891 2385 18
915 2353 1240 2385 commandement
1263 2353 1301 2385 et
1329 2352 1568 2384 ordonnance
1597 2351 1704 2383 dudit
1733 2350 1912 2392 seigneur

281 2405 502 2446 Empcreur,
522 2406 567 2439 de
590 2415 652 2439 ma
675 2407 783 2440 dame
806 2407 1122 2441 l⁷archiduchesse
1139 2408 1176 2441 et
1194 2407 1239 2440 de
1255 2407 1536 2450 messeigneurs
1563 2406 1611 2438 du
1634 2405 1741 2447 prive
1761 2403 1910 2439 Conseil

282 2461 320 2492 ct
347 2461 411 2493 des
438 2461 615 2501 (mances,
645 2461 681 2495 18
708 2471 888 2495 receveur
915 2462 1071 2506 general
1097 2462 1161 2505 luy
1190 2471 1212 2495 a
1237 2461 1350 2495 baille
1379 2463 1417 2495 et
1449 2461 1591 2494 delivre
1624 2460 1828 2502 comptant,
1863 2468 1910 2493 en

282 2516 387 2556 prest
408 2516 446 2548 et
471 2516 662 2557 paiement
689 2526 754 2550 sur
775 2516 831 2550 les
859 2518 1018 2560 despens
1047 2518 1124 2559 quil
1153 2518 1253 2550 avoit
1275 2526 1444 2550 convenu
1469 2517 1508 2549 et
1531 2515 1791 2549 conviendroit
1813 2515 1909 2549 faire

282 2579 378 2612 pour
393 2571 577 2613 proceder
593 2573 631 2605 et
646 2572 818 2616 corriger
833 2572 941 2606 ceulx
959 2574 1089 2606 tenant
1105 2572 1140 2606 18
1156 2572 1255 2614 parti
1273 2572 1318 2605 de
1335 2571 1517 2605 Luthere.

631 2660 787 2694 Archief
816 2671 887 2695 van
918 2661 983 2695 het
1013 2661 1186 2695 Noorder
1218 2661 1488 2703 Departement
1515 2661 1552 2694 te
1578 2657 1712 2701 Rijsel,
1743 2658 1910 2704 Reqz'stre

674 2717 708 2751 B
729 2716 829 2756 2520,
847 2716 912 2750 fol.
931 2717 995 2749 342
1018 2726 1145 2759 versog
1172 2717 1341 2759 (Compte
1358 2716 1403 2749 de
1419 2716 1442 2749 J
1446 2725 1516 2748 ean
1536 2714 1703 2754 Micault,
1729 2722 1909 2747 receveur

676 2771 832 2814 general
857 2772 921 2805 des
938 2772 1103 2805 finances
1121 2773 1166 2805 de
1190 2771 1436 2814 l’Empereur,
1455 2771 1576 2803 comte
1602 2769 1647 2802 de
1665 2768 1840 2808 Flandre,
1859 2769 1908 2802 du

674 2826 724 2858 12²·
745 2827 892 2868 janvier
909 2826 992 2860 1523
1015 2827 1071 2869 (V.
1092 2827 1144 2869 S.)
1169 2836 1215 2860 au
1239 2827 1279 2859 31
1309 2826 1506 2859 decembre
1531 2824 1648 2866 1524);
1675 2823 1908 2866 aangehaald

673 2881 723 2923 bij
743 2881 962 2921 Dehaisnes‚
989 2882 1200 2917 Inventaire
1226 2881 1289 2916 des
1311 2879 1479 2915 archives
1504 2877 1830 2924 deparcementales
1854 2878 1906 2912 du

675 2935 789 2976 Nor-d,
809 2937 890 2971 deel
908 2937 969 2977 IV,
984 2937 1055 2971 blz.
1073 2937 1149 2970 376.
