2096 3481
269 261 330 295 284
955 263 1093 298 ANNO
1119 264 1201 298 1524

269 373 320 415 de
342 372 701 417 kettermeesters
731 373 933 416 Nicolaas
957 387 1040 417 van
1064 375 1258 431 Egmond
1291 389 1343 418 en
1378 376 1558 420 Vander
1591 376 1719 421 Hulst
1741 376 1826 435 zijn
1851 377 1893 420 in

271 442 494 497 ongenade
518 442 734 497 gevallen,
762 457 857 486 enZ.

313 541 522 573 Cardinalis
548 542 772 585 Campegius
790 544 892 576 misit
917 544 963 576 ad
986 553 1046 577 me
1063 545 1237 586 proprios
1266 545 1429 584 nuntios
1449 545 1584 586 quibus
1607 546 1785 588 respondi
1803 555 1898 588 quae

270 596 361 627 mihi
390 597 611 630 videbantur
642 607 709 638 pro
737 598 887 640 publica
922 600 1122 633 concordia
1148 601 1285 633 facere.
1313 600 1544 641 Quanquam,
1575 602 1616 633 ut
1643 610 1742 634 nune
1758 601 1895 644 agitur,

271 650 448 689 fabulam,
468 661 538 694 ego
558 652 698 685 nullam
715 654 823 686 video
841 654 1118 696 catastrophen.
1138 655 1196 688 Ita
1218 664 1276 688 me
1293 655 1405 688 Jesus
1422 656 1517 688 bene
1535 657 1644 688 amet.
1806 644 1814 654 ⁶
1865 696 1869 700 ⁵

311 706 388 739 Res
416 707 454 739 in
481 707 560 739 dies
591 709 709 749 serpit
726 708 850 741 latius.
871 709 1016 742 Neutra
1046 719 1133 751 pars
1162 710 1241 752 agit
1273 711 1317 743 de
1345 711 1603 752 componendo
1629 711 1797 751 dissidio,
1823 711 1898 745 imo

268 761 440 802 plerique
459 761 552 794 nihil
578 762 680 795 aliud
697 765 826 805 agunt,
846 773 956 805 quam
974 765 1015 796 ut
1039 764 1162 797 oleum
1181 765 1319 798 addant
1342 766 1501 797 camino.
1527 765 1571 798 In
1595 765 1799 799 Hollandia
1814 775 1898 799 mea

267 817 406 858 passim
423 817 575 859 fugiunt
595 818 801 851 monachae
820 828 861 851 ac
879 819 1023 851 nubunt
1040 820 1078 851 in
1103 820 1274 852 Domino.
1296 810 1497 853 Carmelita
1513 819 1578 853 ille
1602 819 1897 865 [Egmondanus]

267 873 533 912 expectoratus
558 874 615 904 est
632 875 669 905 et
687 882 707 905 a
725 874 885 907 Caesare
910 875 948 907 et
965 883 986 906 a
1001 875 1192 915 pontifice.
1212 875 1370 907 Hulstus
1387 874 1489 907 illius
1506 874 1655 918 collega
1677 876 1740 913 vix
1765 876 1899 919 effugit

266 927 400 967 capitis
417 927 656 968 supplicium.
677 927 809 961 Studia
825 928 977 971 collegii
995 929 1188 972 trilinguis
1206 928 1390 973 [Lovanii]
1414 930 1658 964 foelicissime
1673 919 1895 972 brocedunt,

266 982 408 1014 frustra
425 983 675 1016 frementibus
693 983 894 1026 theologis.
915 984 975 1017 Me
992 984 1155 1017 clamant
1173 985 1417 1024 haereticum,
1437 985 1503 1018 sed
1528 994 1637 1018 nemo
1662 986 1783 1019 credit
1805 985 1894 1019 illis.

613 1061 806 1100 Erasmus,
828 1061 948 1105 Opera
964 1063 1104 1101 omnia,
1124 1062 1206 1095 (1661
1224 1062 1292 1101 ΙΙΙ,
1310 1071 1398 1104 pars
1419 1062 1448 1101 Ι,
1466 1062 1537 1095 blz.
1555 1061 1631 1094 803.
1650 1081 1694 1086 —
1709 1063 1753 1096 In
1777 1072 1897 1097 eenen

657 1115 758 1148 brief
774 1116 830 1148 uit
857 1115 968 1149 Bazel
987 1116 1058 1149 den
1082 1117 1121 1148 21
1139 1116 1219 1150 Juli
1247 1116 1334 1149 1524
1351 1126 1421 1149 aan
1443 1117 1516 1150 Jan
1534 1116 1744 1155 Vlattenus,
1767 1119 1899 1159 proost

659 1180 706 1203 en
737 1171 954 1210 raadsheer,
988 1171 1221 1214 geschreven
1249 1173 1334 1214 zegt
1363 1172 1541 1204 Erasmus
1569 1181 1646 1214 nog
1669 1182 1677 1204 ε
1707 1185 1722 1201 α
1741 1172 1898 1206 Lovanii

657 1226 770 1268 plane
788 1226 1022 1268 triumphant
1045 1227 1165 1260 bonae
1183 1227 1345 1260 litterae.
1373 1227 1523 1260 Camelo
1547 1227 1604 1260 illi
1622 1226 1896 1272 [Egmondano]

659 1281 835 1323 adempta
858 1283 915 1315 est
940 1283 1061 1314 omnis
1085 1283 1252 1324 potestas
1277 1283 1315 1315 et
1329 1291 1398 1324 per
1423 1282 1622 1315 Caesarem
1639 1284 1677 1316 et
1691 1291 1761 1324 per
1774 1283 1898 1325 pont-i-

659 1337 790 1378 ficem3
809 1336 969 1370 Hulstus
985 1336 1088 1370 illius
1105 1337 1254 1380 collega
1277 1337 1331 1370 sic
1347 1337 1574 1379 gravabatur
1590 1338 1822 1377 criminibus,
1841 1339 1894 1378 ut,

659 1392 698 1424 ni
717 1391 918 1424 cardinalis
945 1392 1167 1425 Leodiensis
1191 1394 1229 1425 et
1244 1393 1420 1434 princeps
1444 1402 1466 1425 a
1492 1392 1628 1435 Bergis
1652 1392 1759 1425 illum
1776 1393 1898 1426 suble-

658 1448 820 1485 vassem,
853 1448 976 1488 capite
1004 1457 1144 1489 poenas
1170 1448 1325 1480 daturus
1351 1448 1498 1480 suisset.
1530 1463 1545 1476 n
1573 1448 1696 1489 (Ibid.‚
1728 1457 1816 1490 pars
1842 1448 1891 1490 ΙΙ,

658 1502 727 1534 blz.
754 1502 978 1543 1704‚1706.)

1022 1650 1139 1695 226.

338 1797 476 1842 1524,
504 1791 609 1834 Julz‘
636 1797 711 1842 21,
740 1791 1060 1834 Amsterclam.
1105 1787 1450 1844 Veroordeeling
1471 1791 1537 1831 tot
1573 1787 1808 1833 bedevaart
1839 1803 1893 1832 en

265 1863 364 1906 boet
381 1877 466 1906 van
487 1865 697 1920 Aechgen
715 1865 1076 1916 Aerntsdochter‚
1099 1865 1166 1907 die
1188 1865 1297 1907 haar
1318 1862 1418 1906 huis
1435 1877 1541 1907 voor
1562 1863 1894 1908 conventiculen

265 1933 448 1989 geleend
470 1933 573 1976 had.

307 2036 420 2069 Alsoe
457 2036 637 2080 Aechgen
668 2037 991 2070 Aerntsdochtere
1030 2038 1067 2070 te
1106 2037 1223 2070 hoere
1253 2036 1479 2079 woeninghe
1509 2035 1679 2068 verleent
1704 2034 1809 2068 heeft
1839 2034 1896 2067 tot

265 2092 587 2125 onduechdelicke
603 2092 906 2135 vergaderinghe
926 2102 997 2125 van
1019 2092 1230 2135 ongelycke
1253 2101 1442 2133 personen
1465 2100 1536 2123 van
1560 2091 1761 2132 pr1estren,
1781 2089 1896 2133 gehu-
1940 2083 1946 2088 ’

264 2148 369 2180 wede
384 2156 559 2186 mannen,
574 2156 751 2180 vrouwen
769 2148 864 2180 ende
877 2147 1096 2186 maechden,
1111 2156 1175 2180 soe
1188 2148 1220 2179 is
1236 2146 1330 2180 hoer
1342 2147 1381 2179 in
1393 2146 1538 2179 beslote
1552 2154 1700 2178 camere
1713 2154 1803 2178 voer
1814 2153 1894 2177 cor-

264 2203 381 2235 rectie
406 2203 630 2245 overgeseit,
657 2203 720 2235 dat
747 2213 789 2244 zy
814 2212 933 2235 eenen
958 2203 1160 2236 bedevaert
1184 2203 1280 2235 doen
1305 2201 1359 2234 sal
1384 2203 1439 2234 tot
1459 2201 1630 2234 Roemen
1655 2201 1893 2243 vuytgaende

264 2259 354 2299 vuyt
371 2258 458 2290 dese
475 2258 579 2290 stede
604 2258 700 2290 ende
714 2258 758 2290 de
771 2258 932 2300 vryheyt
944 2267 1015 2290 van
1033 2258 1118 2290 dien
1131 2266 1222 2290 voer
1235 2266 1327 2290 eene
1345 2255 1587 2298 donredaghe
1605 2255 1894 2289 naestcomende

265 2313 360 2345 ende
379 2314 468 2355 nyet
489 2313 617 2346 weder
639 2313 875 2351 incomende‚
894 2323 936 2355 zy
954 2322 1000 2346 en
1017 2313 1138 2345 hebbe
1155 2311 1296 2346 betaelt
1312 2312 1417 2345 thien
1435 2311 1578 2344 dusend
1594 2310 1763 2352 leytsche
1787 2312 1893 2344 steen

265 2368 303 2400 in
321 2368 469 2401 handen
483 2377 554 2400 van
569 2377 682 2410 myne
698 2367 813 2401 heere
831 2368 903 2401 den
927 2367 1072 2401 schout.
1091 2369 1225 2400 Actum
1237 2368 1277 2400 in
1291 2376 1361 2400 een
1377 2366 1522 2399 beslote
1539 2375 1704 2408 camere3
1723 2367 1892 2408 utsupra.

613 2445 869 2479 Stadsarchief
883 2446 920 2479 te
936 2445 1186 2484 Amsterdam,
1208 2442 1398 2478 Keurboek
1416 2443 1460 2483 D,
1478 2442 1544 2476 fol.
1564 2443 1638 2477 186.

1012 2592 1132 2638 227.

337 2737 474 2782 1524,
503 2733 615 2775 τόόν
637 2723 742 2775 ζῙῑιΖί
767 2738 844 2784 25,
885 2733 1128 2776 Wberden.
1152 2727 1392 2772 Uittreksel
1428 2727 1494 2770 uit
1535 2727 1587 2769 de
1618 2725 1890 2781 rekeningen

268 2816 348 2845 van
369 2803 442 2847 het
470 2803 559 2846 Hof
576 2816 658 2845 van
678 2803 868 2850 Holland
891 2817 996 2846 over·
1018 2803 1070 2846 de
1094 2803 1179 2846 reis
1202 2816 1286 2846 van
1311 2816 1448 2846 eenen
1470 2800 1580 2845 bode
1602 2813 1711 2843 naar
1733 2800 1889 2844 Woer-

265 2871 362 2926 den,
390 2885 455 2913 om
480 2886 557 2915 een
591 2873 834 2916 onderzoek
865 2872 912 2915 in
945 2876 988 2916 te
1020 2873 1177 2919 stellen
1211 2885 1376 2931 nopens
1406 2871 1635 2923 Pistorius,
1662 2873 1885 2914 zoon·van

267 2940 349 2984 den
371 2940 518 2987 koster
540 2942 704 2988 aldaar.
