2096 3481
391 311 453 345 388
1064 311 1199 347 ANNO
1226 311 1308 345 1525

1135 471 1252 525 355.

458 616 595 662 1525,
623 611 862 667 Ata-qusint*
888 614 964 660 28,
994 610 1220 652 Doornik.
1250 608 1490 652 Notarieele
1513 611 1608 652 acte
1631 622 1712 652 van
1736 608 1811 652 het
1833 610 2002 665 protest

387 682 549 737 gedaan
575 682 678 724 door
698 682 780 725 Jan
802 681 1047 731 Cor-villain,
1077 681 1450 737 gevolmachtigde
1473 695 1556 724 van
1583 682 1664 724 den
1695 680 1894 738 bissohop
1918 694 2002 724 van

386 750 587 800 Doornik,
615 754 744 806 tegen
777 750 829 792 de
848 749 1143 805 bemoeiingen
1166 763 1249 792 van
1274 749 1356 792 den
1389 749 1645 805 inquisiteur
1667 750 1749 793 Jan
1778 750 1925 792 Frelin
1948 763 2002 793 en

387 832 470 861 van
495 819 570 862 het
592 819 775 874 kapittel
799 832 884 860 van
907 819 1095 861 Doornik
1128 819 1174 861 in
1208 817 1314 860 zake
1346 817 1422 861 der
1454 818 1858 874 kettervervolging
1879 818 2001 874 inge-

385 900 579 942 spannen
602 891 731 942 tegen
764 888 848 930 Jan
875 887 929 928 Le
962 886 1092 939 Grue,
1131 889 1306 942 pastoor
1341 899 1420 928 van
1445 886 1570 941 Orcq.
1599 911 1655 919 —
1688 886 1784 929 Aan
1807 886 1887 929 den
1921 885 2004 929 bis-

384 955 515 1011 schop
548 969 600 997 en
632 955 715 997 den
746 954 1005 1010 inquisiteur
1041 955 1180 998 alleen
1225 955 1345 997 komt
1383 955 1459 997 het
1496 955 1619 998 recht
1656 957 1728 998 toe
1761 954 1999 1011 dergelijke

383 1024 693 1079 vet-volgingen
725 1030 764 1067 te
793 1023 948 1066 leiden.
986 1024 1071 1067 Zoo
1109 1023 1160 1066 de
1194 1023 1449 1078 inquisiteur
1473 1024 1573 1079 (Jan
1605 1023 1774 1080 Frelin)
1806 1028 1892 1066 met
1924 1023 2000 1066 het

383 1091 565 1147 kapittel
605 1091 998 1147 vmrtprocedeert,
1041 1093 1107 1134 zal
1150 1092 1201 1134 de
1246 1091 1441 1147 bisschop
1485 1092 1617 1134 Karel
1659 1106 1743 1135 van
1781 1092 1893 1148 Croy
1924 1091 2000 1134 het

383 1161 536 1202 vonnis
561 1160 669 1203 doen
694 1160 980 1215 vernietigen.

505 1263 725 1298 Protestatio
749 1264 847 1308 facta
869 1273 937 1306 per
957 1267 1205 1306 promotorem
1229 1263 1328 1296 curie
1357 1263 1596 1297 Tornacensz's
1618 1263 1659 1296 in
1678 1271 1877 1306 personam

988 1317 1129 1350 domini
1151 1319 1392 1362 inquisitoris.

422 1396 530 1429 Anno
555 1395 706 1428 Domini
730 1395 930 1428 millesimo
957 1395 1258 1437 quingentesimo
1283 1395 1464 1437 vigesimo
1493 1395 1635 1436 quinto,
1661 1395 1799 1428 mensis
1823 1394 1998 1438 Augusti,

380 1451 439 1484 die
471 1451 559 1484 lune
590 1451 772 1493 vigesima
804 1452 944 1489 octava,
979 1449 1211 1482 honorabilis
1242 1450 1299 1482 vir
1328 1450 1520 1483 Johannes
1554 1449 1770 1492 Corvillain,
1802 1459 1998 1483 causarum

380 1506 492 1538 oflicii
509 1506 635 1538 curiae
654 1505 902 1538 Tornacensis
920 1506 1126 1546 promotor,
1146 1513 1291 1537 necnon
1316 1504 1621 1537 reverendissimi
1644 1505 1683 1537 in
1709 1504 1856 1537 Christo
1879 1505 1997 1546 patris

379 1562 417 1593 et
448 1561 587 1592 domini
620 1560 743 1592 Caroli
773 1560 817 1592 de
847 1560 956 1601 Croy,
983 1558 1093 1592 electi
1125 1560 1162 1592 et
1190 1559 1505 1592 administratoris
1530 1559 1710 1592 ecclesiae
1735 1559 1996 1598 Tornacensis,

379 1615 542 1647 sindicus
575 1625 640 1647 seu
671 1616 904 1656 procurator,
938 1614 976 1646 in
1008 1615 1082 1647 mei
1114 1614 1251 1646 notarii
1282 1614 1424 1655 publici
1454 1614 1669 1647 testimonio
1701 1614 1997 1656 subscriptorum

377 1670 580 1711 presentia,
611 1670 706 1702 dixit
736 1671 773 1702 et
801 1669 986 1711 exposuit,
1020 1669 1065 1701 ad
1093 1669 1174 1701 eius
1201 1669 1417 1701 immediate
1448 1669 1624 1701 noticiam
1655 1669 1862 1708 devenisse,
1898 1669 1997 1709 quod

376 1724 602 1757 venerabilis
631 1726 668 1757 et
695 1724 896 1766 religiosus
926 1724 983 1756 vir
1009 1724 1128 1756 frater
1153 1723 1346 1756 Johannes
1378 1723 1517 1762 Frelin‚
1548 1724 1690 1756 ordinis
1717 1724 1995 1765 predicatorum

377 1781 580 1812 conventus
593 1779 812 1818 Insulensis,
833 1788 938 1812 sacre
955 1779 1093 1821 pagine
1110 1779 1303 1820 professor
1321 1780 1357 1811 et
1372 1779 1410 1810 in
1425 1779 1565 1811 diocesi
1583 1779 1813 1811 Tornacensi
1828 1778 1995 1812 heretice

375 1835 570 1876 pravitatis
595 1835 807 1875 inquisitor,
832 1843 900 1875 per
923 1833 1158 1866 venerabiles
1183 1835 1220 1866 et
1244 1834 1533 1875 circumspectos
1558 1834 1728 1866 dominos
1752 1833 1921 1866 dominos
1950 1833 1996 1866 de

376 1889 538 1931 capitulo
567 1889 749 1922 ecclesiae
775 1889 1025 1921 Tornacensis
1052 1890 1178 1921 fuerat
1205 1889 1243 1921 et
1270 1890 1351 1921 erat
1373 1898 1442 1930 per
1466 1897 1596 1921 eorum
1620 1888 1767 1921 litteras
1791 1888 1994 1929 requisitus

375 1945 413 1977 et
445 1946 600 1987 rogatus
639 1945 685 1976 ad
722 1945 843 1976 certas
879 1944 1157 1984 propositiones
1189 1952 1381 1980 erroneas,
1413 1944 1560 1984 piarum
1599 1943 1747 1976 aurium
1782 1943 1992 1984 offensivas,

374 1998 560 2032 hereticas
577 2008 642 2031 seu
660 1999 824 2031 heresim
842 1999 1043 2039 sapientes,
1060 2007 1128 2040 per
1146 1998 1329 2039 quendam
1343 1998 1566 2040 magistrum
1581 1998 1793 2031 Johannem
1810 1998 1862 2031 Le
1879 1997 1991 2038 Grue,

372 2055 647 2096 presbyterum,
663 2053 819 2086 ecclesie
832 2053 1079 2095 parrochialis
1094 2054 1138 2086 de
1154 2052 1276 2086 Orcka
1287 2053 1394 2094 juxta
1407 2053 1617 2086 Tornacum
1630 2053 1812 2092 curatum,
1825 2052 1992 2094 prolatos

373 2110 411 2141 et
438 2109 698 2141 disseminatos
727 2107 1028 2148 qualificandum‚
1059 2109 1096 2140 et
1123 2107 1282 2140 ulterius
1311 2108 1442 2140 contra
1469 2117 1554 2141 eum
1578 2109 1756 2149 tanquam
1782 2107 1992 2140 hereticum

373 2172 530 2196 unacum
554 2164 608 2196 eis
632 2162 908 2196 sententialiter
933 2163 979 2204 (si
1004 2172 1096 2204 opus
1122 2163 1235 2204 esset)
1259 2163 1555 2204 procedendum;
1581 2163 1680 2203 quod
1702 2162 1802 2195 idem
1819 2162 1990 2194 dominus

370 2218 570 2259 inquisitor
592 2218 676 2260 jure
699 2218 824 2250 facere
850 2218 1004 2250 minime
1027 2218 1178 2258 poterat
1202 2226 1323 2258 neque
1346 2218 1483 2258 potest,
1508 2218 1550 2250 ut
1573 2217 1721 2250 dicebat
1738 2217 1859 2250 dictus
1876 2225 1990 2258 expo-

372 2282 476 2311 nens,
502 2282 585 2305 cum
609 2273 775 2314 cognitio
798 2281 994 2305 causarum
1018 2272 1057 2304 in
1081 2272 1239 2304 materia
1263 2272 1409 2305 heresis
1434 2282 1508 2304 non
1532 2272 1579 2304 ad
1607 2272 1725 2304 dictos
1750 2271 1919 2304 dominos
1943 2271 1989 2304 de

371 2327 546 2369 capitulo,
566 2328 631 2360 sed
648 2327 693 2360 ad
711 2327 850 2360 dictum
868 2327 1059 2359 dominum
1077 2327 1293 2368 episcopum
1312 2327 1563 2366 diocesanum,
1590 2327 1666 2359 tam
1688 2327 1772 2368 Jure
1797 2326 1987 2359 ordinario

371 2391 481 2423 quam
508 2392 554 2415 ex
581 2382 819 2424 delegatione
845 2381 1062 2423 apostolica,
1092 2391 1251 2414 unacum
1281 2382 1378 2414 dicto
1409 2382 1559 2414 domino
1587 2381 1812 2422 inquisitore
1840 2381 1988 2414 notorie

371 2438 408 2469 et
424 2437 575 2470 indubie
600 2439 769 2478 spectare
794 2438 832 2469 et
854 2437 1046 2478 pertinere
1070 2437 1215 2475 debeat,
1243 2437 1460 2477 spectetque
1485 2437 1522 2469 et
1544 2436 1749 2478 pertineat3
1774 2436 1987 2478 protestans

372 2492 416 2523 ob
435 2491 505 2524 hoc
521 2492 559 2524 in
577 2492 666 2524 dicti
684 2492 824 2524 domini
841 2491 1074 2532 inquisitoris
1087 2491 1279 2532 propriam
1291 2500 1502 2532 personam,
1517 2500 1604 2524 casu
1618 2500 1690 2532 quo
1705 2491 1750 2523 ad
1766 2491 1987 2524 instanciam

371 2546 554 2578 dictorum
571 2547 805 2579 dominorum
824 2546 869 2579 de
886 2545 1049 2587 capitulo
1066 2546 1248 2587 J'udicium
1266 2555 1339 2578 non
1353 2546 1595 2587 competeret,
1610 2546 1649 2578 in
1662 2546 1830 2587 pretaeta
1842 2545 1985 2578 heresis

368 2602 527 2633 materia
552 2602 760 2642 procedere
788 2610 853 2634 seu
879 2601 1108 2634 sentenciam
1135 2610 1295 2633 unacum
1327 2601 1381 2633 eis
1408 2602 1510 2634 ferre
1538 2601 1575 2633 et
1600 2600 1841 2643 promulgare
1871 2599 2007 2633 vellet'

369 2658 405 2688 et
422 2656 638 2694 inferretur,
657 2656 702 2689 de
720 2655 891 2688 nullitate
908 2655 1122 2697 hujusmodi
1145 2664 1355 2697 processuS,
1375 2656 1561 2688 sententie
1577 2656 1733 2688 ferende
1757 2656 1795 2688 et
1818 2655 1983 2688 omnium

368 2711 405 2742 et
418 2710 651 2752 singulorum
668 2711 802 2743 exinde
819 2710 1095 2751 sequendorum
1110 2711 1285 2751 tanquam
1299 2711 1439 2743 temere
1457 2711 1657 2752 usurpator
1669 2711 1707 2743 et
1723 2710 1980 2751 attemptatorg

367 2764 412 2796 dc
429 2765 562 2805 quibus
587 2765 736 2806 quidem
754 2764 1007 2798 declaratione
1024 2766 1062 2798 et
1077 2765 1361 2806 protestatione,
1379 2766 1547 2806 prefatus
1573 2765 1743 2797 dominus
1759 2765 1983 2806 procurator

366 2819 404 2850 et
427 2819 590 2852 sindicus
616 2820 765 2853 nomine
790 2829 862 2861 quo
887 2828 1011 2862 supra,
1030 2820 1139 2862 petth
1155 2829 1176 2852 a
1191 2829 1250 2853 me
1268 2819 1414 2852 notario
1433 2819 1642 2861 subscripto
1668 2819 1751 2852 fieri
1766 2819 1980 2861 presentem

366 2874 501 2906 actum.

407 2927 499 2960 Acta
526 2929 678 2962 fuerunt
701 2929 770 2962 hee
793 2929 832 2962 in
860 2928 1020 2963 ecclesia
1043 2929 1284 2969 Tornacensi,
1312 2938 1422 2969 anno,
1448 2933 1577 2963 mense
1600 2929 1639 2962 et
1661 2927 1722 2962 die
1744 2928 1976 2971 prescriptis,

363 2983 600 3025 presentibus
631 2983 907 3018 venerabilibus
934 2985 973 3019 et
998 2985 1278 3028 circumspectis
1304 2985 1396 3019 viris
1427 2984 1588 3019 dominis
1614 2983 1806 3028 magistris
1834 2983 1976 3018 Jacobo
