2096 3481
309 619 360 653 15.

308 895 359 928 16.

308 1061 360 1093 17.

307 1170 359 1204 18.

303 1885 356 1918 23.

301 1996 354 2028 24.

302 2050 356 2082 25.

302 2160 355 2192 26.

302 2270 354 2302 27.

304 2599 356 2631 29.

305 2817 358 2850 30.

998 236 1136 271 ANNO
1161 237 1245 271 1520

355 370 361 377 .
388 343 430 378 In
462 346 696 379 sacramento
727 345 982 388 poenitentiae
1013 355 1056 379 ac
1085 347 1308 380 remissione
1339 347 1483 390 culpae,
1510 358 1583 382 non
1610 349 1695 392 plus
1721 351 1812 385 facit
1837 361 1935 396 papa

397 400 461 433 aut
485 400 695 443 episcopus,
715 410 826 442 quam
850 401 1000 434 infimus
1024 403 1199 435 sacerdos
1218 402 1319 435 :imo
1344 403 1407 435 ubi
1432 412 1506 436 non
1530 405 1588 437 est
1609 406 1795 446 sacerdOS,
1814 416 1933 450 aeque

395 456 540 488 tantum
557 455 717 497 quilibet
733 456 972 494 christianus,
989 457 1101 490 etiam
1119 457 1150 489 si
1166 457 1303 490 mulier
1320 458 1385 490 aut
1399 467 1494 499 puer
1509 461 1621 492 essct.

355 510 524 543 ,Nullus
560 511 671 544 debet
701 511 886 544 sacerdoti
922 512 1164 553 respondere,
1205 522 1245 545 se
1285 521 1367 545 esse
1406 513 1621 553 contritum,
1656 524 1724 549 nec
1759 518 1933 551 sacerdos

393 575 601 607 requirere.

388 621 547 663 Magnus
572 622 629 654 est
652 630 759 654 error
783 630 926 659 eorum,
945 622 1009 662 qui
1033 622 1079 654 ad
1096 623 1330 655 sacramenta
1353 622 1615 657 Eucharistiae
1632 625 1826 665 accedunt,
1845 626 1933 660 huic

394 676 527 713 innixi,
558 677 656 717 quod
685 677 760 708 sint
785 677 960 714 confessi,
987 677 1087 717 quod
1115 686 1188 709 non
1217 677 1292 709 sint
1323 678 1394 709 sibi
1426 678 1567 710 conscii
1599 679 1758 721 alicujus
1789 683 1934 722 peccati

394 731 577 769 mortalis,
603 732 702 772 quod
726 731 991 773 praemiserint
1015 732 1205 764 orationes
1229 741 1327 771 suas,
1347 734 1385 765 et
1408 734 1704 775 praeparatoria,
1724 744 1853 769 omnes
1876 736 1933 770 illi

395 786 440 818 ad
467 786 648 827 J'udicium
673 786 743 819 sibi
768 787 994 819 manducant
1017 788 1055 819 et
1078 787 1211 819 bibunt
1237 796 1244 818 :
1271 788 1336 819 sed
1361 788 1392 819 si
1417 788 1584 825 credant,
1612 790 1650 821 et
1677 790 1868 824 confidant
1893 801 1934 825 se

393 841 555 883 gratiam
573 841 623 873 ibi
642 843 921 879 consecuturos,
941 841 1033 874 haec
1050 841 1131 874 sola
1147 842 1239 874 fides
1256 842 1346 874 facit
1362 851 1426 875 eos
1443 851 1557 884 puros
1575 845 1613 876 et
1630 844 1775 887 dignos.

387 896 605 929 Consultum
630 897 789 935 videtur,
816 897 915 937 quod
950 896 1110 929 ecclesia
1136 896 1174 928 in
1202 897 1389 929 communi
1417 897 1574 930 consilio
1604 900 1788 933 statueret
1817 900 1933 934 laicos

392 951 460 983 sub
496 953 655 992 utraque
690 952 814 993 specie
845 952 1186 989 communicandos,
1220 960 1289 984 nec
1320 951 1478 985 Bohemi
1510 954 1829 988 communicantes
1863 956 1931 989 sub

392 1007 550 1047 utraque
567 1007 692 1048 specie
709 1008 796 1039 sunt
812 1006 1006 1045 haeretici,
1026 1007 1092 1039 sed
1108 1006 1348 1039 schismatici.

388 1061 573 1094 Thesauri
601 1061 795 1100 ecclesiae,
815 1062 913 1094 unde
929 1070 1027 1103 papa
1050 1062 1114 1094 dat
1138 1061 1406 1104 indulgentias,
1426 1071 1500 1094 non
1525 1063 1613 1095 sunt
1634 1064 1770 1097 merita
1794 1064 1933 1099 Christi

392 1118 430 1149 et
447 1117 672 1149 sanctorum.

385 1171 648 1214 Indulgentiae
665 1173 752 1204 sunt
766 1171 850 1213 piae
868 1172 1020 1204 fraudes
1038 1171 1206 1204 fidelium
1223 1172 1261 1204 et
1276 1171 1519 1205 remissiones
1543 1172 1727 1206 bonorum
1744 1183 1902 1216 operum
1921 1185 1929 1208 :

391 1228 430 1259 et
457 1228 544 1258 sunt
567 1227 612 1259 de
638 1236 793 1259 numero
822 1236 952 1260 eorum
980 1235 1075 1267 quae
1103 1226 1230 1265 licent,
1257 1228 1296 1260 et
1323 1236 1396 1259 non
1425 1227 1471 1259 de
1500 1237 1656 1260 numero
1681 1237 1812 1262 eorum
1836 1239 1932 1271 quac

392 1281 607 1322 expediunt.

351 1362 357 1368 .
384 1335 647 1379 Indulgentiae
675 1336 746 1375 his,
773 1338 835 1378 qui
860 1338 1045 1370 veraciter
1073 1346 1136 1370 eas
1164 1337 1456 1378 consequuntur,
1485 1347 1558 1370 non
1583 1337 1708 1371 valent
1731 1339 1778 1371 ad
1801 1340 1933 1373 remis-

393 1392 538 1424 sionem
555 1401 698 1433 poenae
715 1401 783 1433 pro
800 1393 964 1434 peccatis
983 1392 1192 1425 actualibus
1210 1392 1359 1425 debitae
1376 1393 1474 1434 apud
1492 1393 1655 1425 divinam
1669 1394 1871 1435 justiciam.

387 1446 624 1480 Seducuntur
647 1448 844 1480 credentes
868 1447 1124 1490 indulgentias
1149 1456 1231 1480 esse
1256 1447 1439 1480 salutares
1464 1448 1502 1480 ct
1527 1448 1572 1480 ad
1589 1449 1753 1481 fructum
1776 1449 1932 1491 spiritus

392 1501 516 1534 utiles.

353 1556 649 1599 .Indulgcntiae
685 1557 919 1590 necessariae
958 1558 1046 1590 sunt
1083 1556 1204 1590 solum
1238 1557 1399 1599 publicis
1434 1557 1666 1597 criminibus,
1700 1559 1740 1592 et
1777 1560 1931 1601 proprie

390 1613 646 1644 conceduntur
664 1613 767 1644 duris
785 1612 1018 1645 solummodo
1036 1613 1074 1645 et
1089 1613 1384 1654 impatientibus.

352 1692 357 1698 .
387 1666 459 1699 Sex
483 1667 686 1708 generibus
710 1667 903 1700 hominum
926 1667 1198 1710 indulgentiae,
1225 1677 1294 1701 nec
1320 1668 1407 1700 sunt
1431 1668 1677 1707 necessariae,
1697 1678 1766 1702 nec
1788 1669 1928 1702 utiles:

391 1721 566 1754 videlicet
590 1723 748 1754 mortuis
773 1732 838 1755 seu
863 1723 1069 1761 morituris,
1088 1722 1260 1761 infirmiS,
1280 1722 1451 1765 legitime
1467 1723 1671 1764 impeditis,
1690 1723 1749 1756 his
1768 1724 1832 1765 qui
1855 1734 1929 1757 non

391 1777 659 1809 commiserunt
675 1778 845 1816 crimina,
864 1777 922 1809 his
940 1778 1003 1818 qui
1020 1778 1180 1810 crimina
1203 1777 1483 1817 commiserunt,
1503 1778 1568 1811 sed
1592 1787 1666 1811 non
1690 1778 1852 1820 publica,
1871 1779 1930 1812 his

391 1831 454 1871 qui
472 1831 630 1864 meliora
647 1834 864 1873 operantur.

383 1886 798 1919 Excommunicationes
823 1889 911 1920 sunt
933 1889 1078 1920 tantum
1102 1888 1281 1920 externae
1305 1896 1461 1929 poenae,
1481 1897 1549 1920 nec
1567 1888 1717 1930 privant
1737 1888 1928 1922 hominem

390 1942 649 1974 communibus
667 1939 925 1983 spiritualibus
943 1942 1125 1976 ecclesiae
1144 1943 1389 1975 orationibus.

382 1996 549 2028 Docendi
573 1998 660 2029 sunt
682 1997 879 2030 christiani
902 1997 986 2039 plus
1011 1998 1171 2040 diligere
1196 1997 1621 2031 excommunicationem
1645 2007 1757 2039 quam
1773 1998 1921 2032 timere.

382 2050 574 2083 Romanus
591 2050 774 2093 pontifex,
794 2053 899 2085 Petri
917 2062 1122 2091 successor,
1142 2062 1216 2085 non
1234 2054 1292 2085 est
1315 2053 1454 2085 Christi
1476 2053 1637 2085 vicarius
1662 2062 1774 2095 super
1798 2063 1927 2087 omnes

390 2106 504 2138 totius
521 2107 649 2139 mundi
667 2107 845 2140 ecclesias
863 2108 907 2140 ab
924 2108 1006 2149 ipso
1025 2107 1173 2141 Christo
1191 2108 1229 2140 in
1246 2108 1281 2140 b.
1301 2108 1417 2140 Petro
1434 2108 1641 2141 institutus.

382 2161 546 2193 Verbum
575 2161 715 2194 Clnisti
747 2163 791 2194 ad
820 2162 978 2194 Petrum
1005 2172 1012 2194 :
1043 2162 1311 2203 Quodcumque
1338 2162 1495 2195 solveris
1528 2172 1641 2204 super
1672 2164 1824 2203 terram,
1854 2164 1926 2196 etc.

389 2217 605 2249 extenditur
622 2218 815 2249 dumtaxat
832 2218 878 2249 ad
895 2217 1012 2260 ligata
1029 2218 1073 2250 ab
1091 2218 1172 2259 ipso
1191 2218 1318 2250 Petro.

382 2271 532 2303 Certum
557 2273 615 2303 est
637 2272 675 2304 in
696 2281 808 2304 manu
835 2272 1029 2311 ecclesiae,
1050 2274 1114 2305 aut
1136 2281 1255 2314 papae
1279 2281 1433 2314 prorsus
1451 2282 1524 2305 non
1545 2281 1627 2306 csse
1643 2248 1809 2306 statuere
1826 2273 1927 2312 fidei,

389 2325 464 2357 imo
483 2335 551 2358 nec
568 2326 673 2368 leges
690 2336 848 2365 morum,
869 2337 933 2360 seu
952 2328 1136 2360 bonorum
1155 2337 1322 2369 operum.

350 2406 356 2412 .
385 2379 423 2413 Si
439 2389 537 2422 papa
553 2390 636 2413 cnm
654 2391 791 2424 magna
806 2385 913 2423 parte
931 2382 1111 2415 ecclesiae
1129 2383 1182 2414 sic
1199 2382 1257 2415 vel
1275 2382 1328 2414 sic
1345 2382 1515 2421 sentiret,
1535 2391 1603 2415 nec
1620 2383 1733 2416 etiam
1755 2384 1901 2415 erraret
1919 2392 1927 2415 :

391 2435 513 2468 adhuc
538 2446 611 2468 non
636 2438 693 2469 est
716 2439 911 2478 peccatum
934 2439 999 2470 aut
1015 2437 1183 2470 haeresis
1200 2437 1431 2470 eontrarium
1448 2437 1600 2476 sentire,
1619 2438 1874 2479 praesentium
1890 2438 1929 2470 in

390 2499 431 2522 re
460 2500 533 2523 non
566 2492 779 2524 necessaria
810 2493 855 2524 ad
887 2492 1058 2530 salutem,
1091 2493 1208 2525 donec
1239 2492 1356 2525 fuerit
1385 2501 1453 2533 per
1484 2491 1685 2525 concilium
1715 2492 1928 2525 universale

391 2545 549 2578 alterum
566 2547 821 2587 reprobatum,
841 2547 1000 2579 alterum
1018 2548 1277 2589 approbatum.

384 2600 453 2632 Via
477 2601 583 2633 nobis
607 2602 705 2634 sacta
729 2604 786 2634 est
810 2603 1011 2634 enarrandi
1029 2603 1292 2635 auctoritatem
1315 2601 1560 2634 conciliorum
1585 2602 1622 2634 et
1642 2601 1760 2634 libere
1784 2602 1928 2634 contra-

392 2655 540 2687 dicendi
565 2665 695 2688 corum
719 2657 848 2698 gestis,
875 2658 913 2689 et
934 2657 1126 2698 Judicandi
1150 2667 1280 2690 eorum
1307 2657 1468 2695 decreta,
1496 2657 1534 2689 ct
1561 2657 1794 2689 confidenter
1816 2657 1929 2689 confi-

393 2710 496 2741 tendi
521 2710 697 2751 quicquid
721 2721 851 2743 verum
876 2712 1036 2750 videtur,
1064 2713 1142 2745 sive
1166 2712 1366 2754 probatum
1389 2711 1516 2749 fuerit,
1543 2711 1620 2744 sive
1643 2711 1884 2752 reprobatum
1908 2721 1931 2744 a

392 2773 626 2805 quocumque
643 2765 814 2798 concilio.

383 2818 511 2859 Aliqui
539 2820 687 2851 articuli
710 2821 868 2853 Joannis
897 2820 1008 2859 Huss
1035 2822 1273 2855 condemnati
1301 2822 1340 2854 in
1368 2820 1527 2854 concilio
1552 2820 1822 2858 Constantien.,
1842 2820 1929 2852 sunt

391 2873 705 2913 christianissimi,
739 2876 925 2908 verissimi
957 2878 995 2909 ct
1026 2877 1247 2919 evangelici,
1281 2886 1374 2918 quos
1406 2885 1474 2909 nec
1508 2874 1732 2908 universalis
1769 2874 1929 2908 ecclesia

391 2930 518 2970 posset
534 2929 723 2963 damnare.

2089 833 2096 846 e
2073 244 2096 812 ,tamma-222
