2096 3481
320 235 383 268 268
991 234 1128 268 ANNO
1153 234 1236 267 1524

364 343 444 375 Hae
475 343 693 384 tragoediae
731 342 969 375 Lutheranae
1007 344 1095 375 sunt
1125 343 1215 375 mihi
1245 344 1325 384 ipso
1365 343 1479 376 etiam
1506 342 1650 376 calculo
1688 343 1939 378 molestiores.

319 398 473 431 Audebo
506 397 603 438 apud
630 397 819 429 hominem
850 397 1010 429 amicum
1041 401 1079 430 et
1101 397 1194 430 illud
1223 398 1414 430 effundere
1433 407 1441 429 :
1461 397 1631 430 nonnihil
1649 398 1826 431 dissuasit
1848 398 1942 432 mihi

321 453 480 485 reditum
510 450 561 494 [in
590 451 844 495 Brabantiam]
875 461 1053 492 praesens
1082 454 1291 494 temporum
1317 453 1446 484 status.
1474 452 1552 485 Seis
1578 461 1688 492 quam
1711 452 1803 484 mihi
1826 454 1942 486 fuerit

322 506 540 549 digladiatio
558 515 641 538 cum
658 505 846 548 theologis
863 507 1083 547 quibusdam
1101 507 1146 539 ob
1171 507 1287 539 bonas
1315 506 1444 539 literas
1472 507 1557 539 ante
1574 507 1730 540 Lutheri
1755 509 1939 540 exortum.

322 562 368 593 Et.
383 562 456 601 jani
475 560 622 602 gladius
641 561 747 593 datus
765 562 822 593 est
839 561 983 593 duobus
1001 562 1193 593 acerrimis
1210 562 1391 594 bonarum
1408 561 1604 594 literarum
1621 563 1793 595 osoribus
1806 562 1941 595 Hulsto

321 618 358 648 et
374 616 630 657 Egmondano.
651 615 917 657 Egmondanus
935 615 1055 655 qualis
1073 617 1120 648 sit
1138 618 1273 649 norunt
1292 625 1420 649 omnes
1437 617 1475 649 et
1491 626 1601 657 quam
1618 616 1747 649 hostili
1764 617 1813 649 sit
1828 618 1866 649 in
1883 627 1942 650 me

321 671 456 708 animo,
476 670 603 702 multis
621 671 740 701 modis
758 670 963 702 declaravit
985 670 1171 711 hodieque
1196 671 1371 703 declarat.
1392 670 1532 712 Scripsi
1556 671 1693 703 multos
1717 671 1833 704 libros
1857 673 1943 705 ante

321 725 512 766 cognitum
541 724 696 757 Lutheri
726 734 873 757 nomen.
900 725 948 758 Et
965 726 1089 757 tamen
1117 725 1155 757 in
1186 725 1245 757 his
1278 725 1370 757 nihil
1399 725 1520 757 adhuc
1543 726 1736 758 inventum
1753 727 1821 764 est,
1845 727 1943 767 quod

319 789 402 811 cum
426 779 650 811 Lutheranis
679 780 900 818 consentiat,
918 780 1066 812 tametsi
1082 779 1193 812 facile
1211 781 1268 812 cst
1283 780 1434 812 inimico
1460 780 1662 821 decerpere
1686 781 1785 821 quod
1808 780 1944 813 calum-

318 835 456 871 nietur,
476 836 514 866 et
540 843 601 866 res
618 835 744 876 agitur
761 834 873 866 isthic
889 843 1044 875 prorsus
1062 835 1193 867 ordine
1211 834 1437 877 theologico.
1457 834 1578 867 Homo
1603 835 1663 867 cui
1679 834 1776 867 male
1799 834 1941 873 volunt,

320 889 466 929 rapitur
482 889 519 920 in
537 898 739 931 qareerem,
759 889 810 920 ibi
835 889 934 921 inter
957 898 1095 930 paucos
1123 889 1359 931 transfigitur
1376 889 1569 931 negotium
1587 890 1624 921 et
1640 889 1816 922 innoxius
1833 889 1945 922 debet

322 944 477 985 indigna
493 944 584 984 pati,
603 952 649 975 ne
667 944 754 983 quid
781 943 857 975 illis
887 944 1043 976 decedat
1074 944 1320 976 auctoritatis.
1355 944 1428 977 Ubi
1455 945 1535 976 tota
1552 944 1764 976 aberratum
1796 945 1854 977 est
1868 944 1940 983 via,

321 998 482 1030 clamant
507 1008 514 1030 :
542 998 757 1030 Favendum
784 1000 841 1031 est
868 999 1020 1040 negotio
1048 999 1148 1031 fidei.
1168 998 1270 1031 Haec
1292 1007 1366 1037 reS,
1385 999 1534 1031 tametsi
1558 1008 1632 1030 non
1659 999 1804 1031 tantum
1827 998 1944 1032 valuit

320 1053 417 1093 apud
433 1062 504 1091 me,
524 1054 565 1085 ut
581 1053 791 1085 deterreret
803 1063 825 1085 a
839 1054 976 1091 reditu,
995 1054 1133 1091 tamen,
1151 1054 1193 1085 ut
1208 1053 1372 1096 ingenue
1389 1053 1522 1090 dicam,
1536 1054 1626 1086 fecit
1641 1053 1764 1085 minus
1781 1053 1943 1087 alacrem

320 1108 366 1139 ad
397 1108 639 1148 repetendam
665 1108 919 1145 Brabantiam‚
953 1109 1114 1140 maxime
1147 1117 1243 1146 cum,
1277 1108 1430 1141 absente
1470 1109 1640 1146 Caesare,
1682 1117 1756 1140 non
1785 1099 1950 1141 multum*

318 1162 498 1203 praesidii
515 1162 563 1194 sit
590 1163 629 1194 in
661 1162 757 1194 aula.
789 1162 996 1195 Cardinalis
1022 1163 1246 1205 Campegius
1274 1163 1379 1195 adest
1406 1163 1703 1205 Nurembergae‚
1737 1163 1944 1195 destinatus

318 1217 575 1258 componendo
593 1217 808 1250 Lutherano
823 1217 989 1250 dissidio.

666 1295 857 1333 Erasmus,
881 1295 999 1338 Opera
1024 1295 1162 1333 omnia,
1189 1294 1272 1327 deel
1288 1294 1357 1333 ΙΙΙ,
1375 1304 1462 1336 pars
1478 1295 1508 1333 I,
1526 1294 1595 1327 blz.
1615 1294 1690 1327 794.
1708 1313 1752 1318 -
1767 1295 1830 1328 Zie
1846 1294 1944 1328 hier-

709 1350 829 1382 boven
855 1359 945 1382 onze
970 1349 1134 1382 stukken
1152 1355 1204 1381 nl·S
1219 1349 1274 1388 90,
1292 1349 1363 1382 blZ.
1381 1349 1454 1388 130,
1473 1356 1511 1381 nr
1529 1350 1603 1388 113,
1627 1349 1698 1382 blz.
1718 1349 1794 1391 161,
1811 1348 1941 1388 nr‘130,

709 1404 780 1438 blz.
800 1404 862 1437 183
880 1413 926 1437 en
944 1410 982 1436 n1'
1001 1404 1076 1444 194,
1089 1404 1161 1436 blz.
1178 1403 1256 1435 254.

1063 1553 1190 1598 209.

389 1690 527 1736 1524,
578 1685 719 1740 April
771 1691 810 1736 1,
860 1684 1130 1739 (Helland).
1181 1680 1423 1737 KeizerliJ'k
1468 1680 1678 1737 plakkaat
1718 1685 1848 1738 tegen
1891 1682 1943 1726 de

320 1756 536 1798 drukkers
568 1769 652 1798 van
684 1756 935 1798 kettersche
958 1755 1123 1798 boeken
1146 1755 1189 1796 in
1215 1755 1418 1797 Holland.
1452 1781 1502 1786 —
1525 1756 1942 1812 Niettegenstaande

319 1838 529 1880 vroegere
561 1824 815 1880 plakkaten‚
843 1824 1020 1866 worden
1053 1838 1102 1866 er
1136 1837 1221 1879 nog
1252 1824 1348 1866 vele
1380 1823 1548 1867 boeken
1572 1824 1761 1880 gedrukt
1782 1825 1942 1868 zonder

318 1892 640 1949 voorafgaande
678 1893 905 1948 toelating.
943 1893 1082 1936 Alwie
1103 1893 1228 1935 zulks
1259 1892 1304 1934 in
1335 1893 1364 1935 ’t
1395 1894 1578 1948 vervolg
1611 1907 1696 1949 nog
1727 1893 1844 1945 doet,
1875 1894 1943 1936 zal

317 1975 370 2017 op
395 1961 463 2018 lijf
478 1976 534 2013 ven
557 1961 666 2018 goed
690 1962 876 2017 gestraft
908 1961 1103 2014 worden,
1130 1976 1237 2005 naar
1258 1962 1545 2019 goeddunken
1570 1962 1647 2005 der
1670 1962 1943 2019 plaatselijke

317 2030 539 2074 overheid.

616 2121 804 2157 leoerende
829 2122 965 2156 werbot
987 2133 1060 2156 van
1084 2133 1234 2166 nyeuwe
1257 2123 1402 2156 bouken
1424 2126 1457 2156 te
1474 2128 1645 2168 premen.

363 2201 502 2234 Kaerle
527 2203 597 2233 etc.
625 2201 696 2233 den
721 2202 870 2233 eersten
895 2210 1008 2233 onser
1031 2210 1228 2243 gezworen
1253 2201 1455 2242 exploitier
1478 2209 1549 2233 van
1574 2210 1686 2233 onser
1709 2209 1856 2233 camere
1872 2209 1942 2233 van

320 2258 390 2290 den
407 2258 529 2290 Raide
546 2258 584 2288 in
603 2256 759 2289 Hollant
775 2256 859 2289 hier
876 2266 923 2298 up
941 2256 1128 2295 versocht,
1149 2257 1284 2298 saluyt.

360 2310 474 2343 Alsoe
498 2312 555 2343 tot
580 2320 691 2344 onser
714 2311 891 2343 kennisse
916 2320 1135 2353 gecommen
1159 2311 1203 2349 is,
1234 2311 1297 2343 dat
1320 2312 1411 2352 nyet
1436 2311 1706 2353 tegenstaende
1734 2320 1824 2344 onse
1850 2311 1944 2343 voir-

319 2366 463 2408 gaende
491 2366 645 2398 brieven
673 2375 743 2398 van
771 2366 966 2407 placcaten
994 2366 1075 2398 veel
1102 2366 1276 2407 prenters
1308 2366 1395 2398 hem
1426 2366 1692 2398 vervoirderen
1720 2367 1757 2398 te
1783 2367 1942 2407 prenten

319 2421 452 2463 eenige
485 2430 642 2462 nyeuwe
672 2421 898 2459 boexskens,
933 2421 1015 2453 dair
1045 2421 1134 2453 inne
1173 2430 1354 2454 errueren
1386 2421 1519 2463 gesayt
1550 2421 1702 2453 worden
1735 2421 1852 2453 onder
1883 2420 1943 2453 die

319 2477 516 2517 gemeente
554 2476 650 2508 ende
688 2476 842 2508 kersten
874 2476 1013 2518 luyden
1049 2476 1106 2508 tot
1134 2476 1252 2509 huere
1289 2475 1535 2517 verleydinge
1573 2475 1668 2508 ende
1707 2475 1944 2518 oftreekinge

318 2531 463 2563 vanden
487 2530 691 2563 kerstenen
719 2530 889 2572 geloove,
909 2530 1046 2563 twelek
1073 2540 1140 2563 ons
1168 2532 1258 2572 nyet
1282 2539 1328 2563 en
1353 2531 1450 2563 staet
1472 2531 1509 2562 te
1533 2530 1660 2571 lijden‚
1686 2539 1751 2563 soe
1774 2531 1859 2572 eyst
1881 2530 1945 2563 dat

318 2585 391 2625 wij,
418 2585 632 2626 begerende
657 2594 747 2618 onse
772 2586 997 2618 ondersaten
1021 2586 1059 2618 te
1083 2585 1233 2618 houden
1257 2585 1306 2626 bij
1333 2585 1396 2618 dat
1419 2585 1600 2627 heijligen
1616 2585 1770 2617 kersten
1787 2584 1944 2627 geloove

319 2639 413 2671 ende
436 2639 633 2672 behoeden
657 2650 727 2672 van
751 2640 998 2682 verleijdinge
1024 2640 1119 2673 ende
1144 2640 1331 2682 dwalinge
1354 2649 1424 2672 van
1449 2641 1548 2677 dien,
1567 2649 1590 2672 u
1619 2639 1820 2672 ontbieden
1848 2640 1944 2672 ende

318 2693 472 2726 bevelen
499 2695 580 2726 dair
606 2697 666 2727 toe
693 2695 1005 2728 committerende
1030 2695 1117 2727 mits
1146 2695 1273 2733 desen,
1293 2695 1356 2727 dat
1383 2695 1460 2737 ghij
1490 2695 1548 2727 ter
1575 2695 1678 2726 stont
1705 2694 1829 2727 treekt
1855 2703 1944 2727 over

320 2747 352 2779 al
385 2749 524 2781 binnen
557 2759 673 2782 onsen
706 2759 848 2782 voorss.
884 2750 1019 2782 landen
1052 2751 1090 2782 in
1122 2750 1303 2782 Hollandt
1333 2750 1429 2782 ende
1460 2749 1651 2782 Vrieslant
1681 2749 1739 2781 ter
1769 2748 1941 2790 pleeken‚

320 2803 494 2835 daermen
531 2804 817 2846 gewoenlicken
850 2805 881 2837 is
912 2805 1190 2847 vuytroupinge
1221 2805 1317 2837 ende
1347 2804 1577 2845 publicatien
1612 2804 1649 2836 te
1683 2803 1942 2841 doene,·ende

319 2855 447 2888 aldaer
469 2866 538 2889 van
565 2867 681 2890 onsen
708 2859 857 2901 twegen
874 2859 923 2900 bij
943 2869 965 2891 u
983 2859 1176 2899 roupcnde
1195 2859 1364 2891 doffieier
1379 2868 1449 2890 van
1475 2858 1542 2894 der
1557 2857 1729 2899 plecken‚
1747 2857 1798 2890 ist
1813 2857 1940 2895 noodt,

318 2914 529 2952 vuytroept‚
570 2913 792 2954 publieeert,
817 2914 947 2956 gebiet
981 2914 1076 2946 ende
1106 2914 1265 2952 beveelt,
1299 2914 1362 2946 dat
1393 2914 1548 2955 nymant
1583 2921 1652 2946 van
1689 2921 1739 2944 nu
1773 2912 1943 2945 voirtaen
