2096 3481
796 225 934 259 ANNO
961 227 1043 260 1522
1699 232 1760 266 105

471 334 816 368 Gecollationneert
840 338 950 378 tegen
991 338 1203 381 doriginele
1230 341 1384 373 brievcn
1417 350 1486 373 van
1505 343 1759 381 commissien.

516 390 743 432 geteeckent
758 391 854 423 ende
871 391 1043 434 bezegelt
1067 394 1121 426 als
1147 395 1280 433 boven,
1297 396 1328 427 is
1342 396 1545 429 dacrmede
1560 397 1757 438 (behalvcn

516 443 587 475 den
606 442 722 484 tytele
735 452 804 475 van
824 442 971 485 Synder
990 445 1075 485 Mat)
1090 447 1285 480 bevonden
1304 449 1612 482 concorderendo
1629 451 1677 492 by
1698 460 1758 493 my

521 498 613 530 Joos
627 498 751 535 Brem,
767 498 1101 533 substitutvanden
1120 511 1330 543 procureur
1342 503 1521 546 generael
1536 505 1573 536 in
1584 505 1760 538 Brabant.

515 552 551 585 J.
572 552 698 586 Brem.

896 689 983 733 ¹74.

190 823 329 868 1522,
358 818 499 874 April
525 824 602 869 23,
627 819 875 875 (Brassel).
905 818 1236 877 Eigenhandige
1260 821 1526 880 herroeping
1550 838 1632 867 van
1657 826 1761 869 Cor-

117 888 257 932 nelius
302 889 549 944 GrapheuS.
596 915 649 921 —
688 890 757 947 Hij
793 891 1036 941 verklaart,
1076 890 1150 933 dat
1195 889 1255 946 hij
1290 891 1342 934 de
1385 891 1623 950 ketterijen
1672 908 1757 937 van

116 957 280 1001 Luther
301 961 526 1015 verwerpt
547 959 737 1002 alsmede
761 960 812 1003 de
843 959 1097 1004 kettersche
1119 959 1370 1015 steIHngen,
1400 960 1467 1004 die
1488 962 1754 1006 voorkomen

116 1026 161 1069 in
183 1026 270 1083 zijn
293 1027 552 1070 voorwoord
572 1041 654 1071 van
678 1028 755 1072 het
775 1028 886 1072 boek
910 1028 980 1074 De
1011 1028 1217 1072 libertate
1255 1029 1520 1074 Christiana
1553 1045 1636 1073 van
1674 1033 1757 1075 Jan

115 1097 289 1152 Pupper
312 1109 393 1138 van
411 1096 548 1147 Goch,
573 1110 803 1140 waarover
825 1099 884 1156 hij
909 1099 1014 1141 door
1036 1097 1089 1140 de
1112 1096 1366 1155 keizerlijke
1385 1099 1756 1154 geloofsrechters

115 1164 418 1221 ondervraagd
452 1165 589 1209 werd.
631 1167 691 1209 De
725 1167 962 1210 verdachte
994 1167 1229 1222 stellingen
1263 1171 1377 1210 somt
1409 1168 1470 1224 hij
1506 1168 1671 1212 daarna
1709 1184 1761 1226 op

114 1248 168 1277 en
193 1233 434 1290 wederlegt
467 1249 515 1277 ze
549 1239 638 1279 met
660 1234 792 1285 klem,
820 1236 1066 1292 ootmoedig
1089 1235 1391 1291 bekennende‚
1415 1237 1490 1280 dat
1512 1237 1571 1295 hij
1597 1252 1754 1294 gezon-

113 1302 214 1359 digd
246 1303 366 1346 heeft
397 1306 528 1359 tegen
562 1304 615 1347 de
655 1304 903 1362 kerkelijke
935 1305 1128 1361 dogma's
1160 1318 1216 1348 en
1248 1304 1325 1348 het
1357 1305 1585 1363 keizerlijk
1619 1308 1747 1351 edict.

117 1372 187 1416 Dit
209 1371 316 1415 alles
340 1371 564 1416 verklaart
587 1373 664 1430 hij,
688 1388 746 1417 nu
770 1373 894 1418 beter
917 1373 1171 1417 onderricht
1195 1373 1356 1431 zijnde,
1383 1376 1543 1418 zonder
1567 1377 1751 1433 eenigen

116 1440 279 1497 dwang
313 1443 357 1484 te
396 1441 649 1498 ondergaan
683 1456 739 1486 en
772 1442 919 1486 bereid
952 1456 1020 1486 om
1054 1443 1168 1501 zijne
1200 1443 1405 1499 dolingen
1446 1444 1665 1501 openbaar
1712 1446 1760 1489 af

112 1513 156 1554 te
194 1523 385 1562 zweren,
423 1524 634 1554 wanneer
666 1525 765 1555 men
810 1512 910 1555 hem
949 1513 1074 1556 zulks
1110 1513 1175 1556 zal
1209 1512 1408 1558 bevelen.

154 1606 250 1649 Ego,
277 1605 474 1640 Cornelius
503 1607 711 1649 Grapheus‚
742 1608 1046 1642 anathemathizo
1078 1618 1230 1643 omnem
1264 1610 1460 1643 haeresem
1488 1612 1527 1644 et
1555 1613 1760 1655 praecipue

111 1670 207 1700 eam,
226 1662 272 1695 de
289 1671 364 1703 qua
376 1662 588 1695 diffamatus
606 1672 700 1701 sum,
721 1673 832 1704 quam
850 1665 970 1696 frater
986 1664 1174 1697 Martinus
1192 1664 1337 1698 Luther
1354 1666 1391 1697 in
1410 1666 1488 1698 suis
1505 1666 1612 1699 libris
1631 1669 1668 1700 et
1685 1678 1761 1701 scr-

112 1717 286 1749 monibus
303 1717 362 1749 his
376 1717 608 1758 temporibus
623 1719 750 1750 docuit
789 1720 827 1751 ct
852 1720 984 1755 tenuit.
1006 1721 1164 1761 propter
1182 1729 1294 1761 quam
1312 1730 1334 1752 a
1349 1721 1438 1753 sede
1457 1722 1665 1762 apostolica
1681 1725 1759 1756 tan-

112 1781 222 1813 quam
241 1772 454 1805 haereticus
482 1782 565 1805 cum
584 1783 651 1806 sua
668 1774 840 1806 doctrina
868 1775 1065 1806 alumnatus
1083 1777 1152 1812 cst,
1175 1775 1340 1807 maxime
1369 1777 1490 1816 quoad
1523 1778 1703 1810 articulos
1722 1779 1759 1812 in

112 1827 250 1860 litteris
268 1827 485 1868 apostolicis
499 1837 711 1869 expressos,
727 1830 933 1862 consentiri
949 1831 1101 1862 sanctae
1115 1830 1309 1863 Romanae
1324 1831 1516 1865 Ecclesiae
1531 1833 1568 1864 in
1586 1834 1759 1866 omnibus

112 1892 207 1924 quae
235 1883 281 1915 ad
319 1883 564 1916 christianam
592 1883 819 1926 religionem
859 1886 1041 1926 spectant,
1073 1888 1110 1918 et
1148 1887 1344 1924 confiteor,
1376 1895 1622 1929 quaecunque
1648 1889 1756 1922 sedes

112 1937 320 1979 apostolica
345 1938 566 1978 confitetur3
593 1939 750 1981 insuper
777 1940 900 1972 sentio
929 1942 967 1973 et
992 1942 1102 1973 teneo
1121 1942 1334 1982 praefatum
1352 1941 1557 1974 Martinum
1583 1953 1666 1975 cum
1693 1954 1761 1976 sua

112 1993 284 2025 doctrina
310 1993 383 2025 rite
411 1994 449 2026 et
480 1993 650 2036 legitime
668 2004 690 2027 a
721 1995 821 2027 dicta
849 1997 979 2027 sancta
1005 1996 1094 2028 sede
1123 1995 1331 2037 apostolica
1343 1997 1645 2037 condemnatum,
1676 1999 1759 2040 ejus

111 2047 241 2086 libros,
272 2049 452 2081 tractatus
471 2049 528 2081 vel
562 2058 755 2083 sormones
775 2052 849 2082 tam
867 2051 988 2083 editos
1007 2060 1119 2092 quam
1137 2051 1319 2090 edendos,
1340 2053 1443 2084 recte
1468 2053 1604 2085 vetitos
1627 2053 1704 2096 legi
1722 2056 1760 2086 et

112 2103 246 2141 teneri,
266 2113 309 2136 ac
333 2103 507 2137 incendio
527 2105 623 2137 tradi
642 2106 850 2146 mandatos3
869 2105 1087 2147 specialiter
1101 2108 1226 2139 autem
1244 2107 1408 2148 reprobo
1426 2108 1608 2149 quosdam
1623 2110 1760 2142 articu-

110 2157 180 2196 los,
199 2167 359 2199 quorum
376 2158 522 2200 aliquos
539 2160 674 2202 scripsi
691 2161 730 2193 in
747 2161 908 2202 quadam
930 2161 1168 2202 praefatione
1185 2162 1231 2194 ad
1251 2162 1451 2203 quemdam
1471 2163 1610 2196 librum
1627 2164 1758 2197 intitu-

111 2212 228 2246 latum
257 2214 302 2246 de
326 2213 503 2248 libertate
519 2215 739 2253 christiana,
766 2216 909 2248 editum
926 2216 1138 2249 aJohanne
1164 2217 1318 2258 Pupper
1336 2218 1381 2250 de
1410 2218 1541 2256 Gochi,
1574 2220 1756 2259 quosdam

112 2277 201 2301 vero
225 2277 285 2302 me
299 2270 466 2302 tenuisse
497 2270 598 2303 inter
615 2271 932 2304 confabulandum
958 2274 1070 2312 atque
1099 2272 1264 2305 sensisse
1291 2273 1486 2305 confessus
1505 2283 1587 2305 sum
1612 2276 1650 2306 ct
1674 2284 1759 2316 pro-

111 2323 196 2365 pria
220 2333 332 2356 manu
358 2325 492 2366 scripsi
517 2327 555 2358 et
583 2326 814 2369 subsignavi,
833 2336 918 2359 cum
935 2335 1057 2359 essem
1089 2327 1347 2370 interrogatus
1376 2330 1414 2360 et
1437 2329 1673 2362 examinatus
1690 2339 1759 2371 per

110 2379 389 2412 commissarios
403 2380 609 2414 Caesareae
638 2381 847 2423 Majcstatis
875 2382 919 2414 ad
938 2381 1008 2414 hoc
1026 2381 1238 2424 deputatos,
1269 2383 1371 2415 circa
1387 2386 1565 2416 contenta
1594 2385 1631 2416 in
1650 2393 1757 2426 prae-

112 2433 211 2466 dicta
227 2435 464 2476 praefatione
479 2436 589 2477 juxta
605 2445 701 2477 quae
715 2439 926 2478 sequuntur
946 2447 953 2469 :

155 2502 171 2515 u
188 2488 391 2522 Christiani
408 2491 551 2524 redacti
569 2494 657 2524 sunt
673 2492 711 2524 in
728 2493 950 2525 servitutem
963 2492 1229 2534 perjejunium
1247 2494 1462 2526 sicutmodo
1477 2494 1700 2527 observatur
1720 2496 1758 2528 in

113 2558 129 2570 u
148 2543 330 2582 Ecclesia,
361 2547 399 2578 et
422 2555 490 2587 pcr
518 2546 612 2579 alios
641 2547 736 2580 ritus
753 2550 1042 2589 praeceptorum
1066 2547 1422 2586 ceclesiasticorum,
1449 2549 1625 2583 videlicet
1651 2560 1757 2591 prac-

112 2612 128 2625 α
147 2600 244 2640 cepti
278 2600 323 2632 de
348 2601 462 2634 semel
493 2603 707 2635 confitendo
726 2603 763 2635 in
789 2612 886 2635 anno
905 2606 943 2635 et
961 2603 1005 2635 de
1024 2604 1109 2635 voto
1128 2603 1415 2646 religios-ornum
1438 2614 1502 2636 nov
1520 2605 1604 2637 talis
1632 2606 1759 2637 obscr-

113 2668 128 2681 u
147 2655 274 2688 vantia
288 2656 436 2696 jejunii,
456 2658 578 2698 quoad
597 2658 863 2690 discretionem
895 2658 1079 2698 ciborum,
1099 2668 1167 2691 nec
1184 2659 1376 2692 institutio
1396 2660 1439 2690 dc
1459 2659 1573 2692 semol
1602 2661 1636 2692 in
1657 2671 1754 2693 anno

114 2723 129 2736 u
147 2710 374 2747 confitendo,
391 2721 458 2744 nec
488 2712 583 2744 aliae
601 2712 878 2746 ecclesiasticae
909 2714 1177 2752 institutiones,
1205 2724 1299 2755 quae
1326 2724 1398 2746 non
1425 2715 1612 2747 habentur
1644 2716 1758 2757 expli-

113 2778 129 2791 u
147 2765 220 2798 cite
239 2766 275 2798 in
293 2767 410 2798 sacris
439 2767 589 2804 litteris,
618 2777 686 2801 nec
714 2771 841 2801 votum
870 2768 1150 2811 religiosorum,
1171 2769 1340 2812 obligant
1370 2770 1559 2802 hominem
1588 2771 1757 2803 christia-

113 2834 129 2846 ιι
148 2829 237 2852 num
250 2821 319 2853 sub
336 2830 460 2863 poena
477 2823 621 2863 peccati
641 2823 825 2856 mortalis

128 2888 134 2892 ·
156 2888 172 2901 u
188 2874 348 2908 Redacti
361 2885 489 2909 sumus
508 2887 529 2909 a
545 2876 721 2911 libertate
740 2879 785 2911 ad
801 2879 977 2912 miseram
1005 2880 1227 2912 servitutem
1257 2880 1301 2912 ab
1331 2880 1562 2923 octingentis
1591 2882 1699 2913 annis
1717 2885 1755 2914 ct

113 2942 129 2956 u
147 2938 272 2972 supra,
302 2931 480 2966 videlicet
502 2942 524 2965 a
555 2934 724 2975 tempore
739 2934 927 2968 Boniiacii
945 2935 1061 2974 tertii,
1081 2935 1145 2977 qui
1163 2935 1307 2977 primus
1324 2935 1397 2968 sibi
1427 2936 1603 2969 assumsit
1622 2946 1756 2970 nomen
