2096 3481
309 235 373 268 392
1003 229 1139 264 ANNO
1166 228 1249 262 1525

309 368 366 376 —
404 345 461 386 Te
500 343 531 384 ’s
569 339 922 396 Hertogenbosch
964 338 1083 382 heeft
1119 338 1194 382 het
1235 338 1335 381 volk
1374 338 1425 381 de
1463 337 1835 383 minderbroeders
1871 353 1926 384 en

308 413 359 455 de
410 410 723 467 predikheeren
781 407 1083 464 weggeJaagd.
1145 408 1203 450 De
1257 406 1562 463 Landvoogdes
1615 407 1807 464 belegert
1860 409 1926 452 die

310 479 422 524 stad.
464 480 522 521 Te
560 479 829 532 Antwerpen
874 476 1052 519 worden
1096 475 1246 519 buiten
1287 476 1339 518 de
1380 476 1539 518 wallen
1582 477 1927 534 vergaderingen

308 547 561 605 gehouden3
595 546 648 588 de
679 545 858 588 bevelen
887 559 972 588 van
1004 544 1086 587 den
1123 545 1294 594 Keizer,
1331 558 1416 587 van
1455 544 1506 586 de
1539 545 1844 601 Landvoogdes
1873 559 1927 588 en

308 631 391 659 van
422 616 504 659 den
539 614 795 670 magistraat
832 613 1011 655 worden
1047 613 1265 663 miskend;
1302 613 1730 669 wanordelijkheden
1763 614 1848 671 zijn
1881 628 1930 658 er

306 690 349 729 te
391 697 592 733 vreezen‚
639 697 693 725 en
743 682 827 738 dag
872 696 924 724 en
966 681 1099 725 naoht
1142 681 1428 724 doorkruisen
1474 682 1675 725 wachten
1718 682 1770 725 de
1813 682 1926 727 stad.

301 755 350 796 In
390 751 575 795 Holland
614 750 701 808 zijn
740 751 891 806 eenige
931 751 1101 794 ketters
1139 750 1420 794 veroordeeld
1458 750 1708 806 geworden.
1751 751 1932 795 Vander

301 822 430 865 Hulst
467 821 503 863 is
541 820 646 863 door
676 820 759 863 den
796 819 954 862 KeIZer
990 818 1035 861 in
1074 819 1160 876 zijn
1197 818 1314 862 ambt
1355 819 1551 862 hersteld
1589 818 1840 874 geworden.
1879 820 1931 863 In

303 889 508 941 Holland,
535 888 720 932 Zeeland
743 902 796 931 en
821 887 1098 931 Vlaanderen
1133 887 1169 930 is
1192 887 1243 930 de
1276 888 1366 930 leer
1397 901 1482 930 van
1512 888 1677 931 Luther
1709 901 1808 931 zeer
1831 901 1932 932 ver·

307 958 466 1015 spreid,
493 971 547 1001 en
579 957 631 1000 de
661 957 1006 1012 kloosterlingen
1028 956 1207 999 worden
1231 970 1278 999 er
1300 956 1404 999 door
1425 956 1501 999 het
1523 956 1626 999 volk
1651 970 1729 1014 erg
1751 957 1928 1013 gehaat.

351 1062 419 1096 Est
441 1062 570 1094 civitas
595 1061 822 1094 Brabantiae
846 1060 937 1093 satis
966 1060 1090 1102 ampla
1115 1061 1380 1101 frequensque,
1407 1059 1557 1102 Sylvam
1581 1060 1696 1093 Ducis
1720 1060 1930 1103 appellant;

309 1118 370 1150 hie
400 1116 560 1159 populus
592 1116 705 1157 eJ'ecit
735 1116 932 1148 minoritas
972 1116 1009 1148 et
1048 1114 1304 1147 dominicanos
1343 1123 1485 1148 omnes.
1524 1115 1617 1148 Eam
1655 1125 1754 1148 nunc
1787 1116 1934 1150 obsidet

311 1172 526 1215 Margareta
557 1171 727 1204 Caesaris
759 1170 885 1203 amita.
917 1170 1149 1211 Antuerpiae
1180 1169 1331 1210 quidam
1364 1170 1444 1202 ausi
1483 1170 1570 1202 sunt
1608 1171 1715 1203 extra
1744 1171 1934 1204 civitatem

311 1226 526 1260 concionari
544 1235 611 1259 nec
628 1226 768 1258 veritus
787 1227 843 1258 est
860 1224 924 1257 illo
942 1224 1103 1266 populus
1120 1225 1322 1263 confluere,
1342 1225 1540 1257 contemtis
1559 1225 1730 1258 omnibus
1748 1225 1932 1268 Caesaris,

312 1279 550 1322 Margaretae
575 1280 613 1311 et
636 1278 922 1321 magistratuum
941 1278 1085 1309 edictis.
1104 1277 1235 1317 Itaque
1253 1277 1332 1309 tota
1348 1277 1479 1309 civitas
1495 1276 1562 1309 illa
1576 1278 1699 1310 fervet
1720 1277 1934 1319 periculoso

311 1333 486 1368 tumultu.
517 1333 692 1375 Aguntur
724 1332 903 1365 excubiae
935 1333 1140 1364 nocturnae
1173 1331 1416 1371 diurnaeque.
1451 1330 1652 1374 Castigatis
1685 1331 1935 1366 Busciducen-

311 1390 426 1427 sibus,
445 1397 578 1422 vereor
595 1396 642 1420 ne
660 1387 863 1429 impetatur
887 1386 1107 1428 Antuerpia.
1127 1386 1294 1426 Utraque
1319 1386 1450 1418 civitas
1468 1386 1525 1418 est
1541 1386 1731 1427 opulenta.
1750 1387 1936 1421 Proceres

311 1444 486 1477 invitabit
515 1443 678 1485 praedae
709 1441 942 1484 magnitudo,
983 1441 1043 1473 cui
1082 1449 1272 1481 nunquam
1306 1450 1380 1472 non
1415 1440 1575 1480 inhiant,
1616 1441 1670 1474 sic
1700 1442 1742 1474 ut
1776 1442 1937 1476 sufficiat

313 1499 464 1540 quaevis
481 1497 574 1531 levis
599 1497 758 1530 occasio.
776 1496 886 1538 Apud
902 1495 1110 1529 Hollandos
1134 1505 1237 1528 meos
1260 1495 1403 1536 aliquot
1426 1495 1591 1528 damnati
1608 1497 1694 1528 sunt
1709 1496 1933 1530 haereseos:

312 1554 352 1586 in
377 1554 446 1586 hos
471 1553 671 1585 saevietur.
697 1551 854 1584 Hulstus
878 1551 1024 1592 pridem
1049 1552 1274 1589 exarmatus,
1305 1551 1427 1583 denuo
1454 1559 1523 1592 per
1547 1550 1744 1584 Caesarem
1771 1553 1936 1585 armatus

312 1610 382 1642 est.
410 1608 447 1641 Is
476 1608 557 1641 erat
584 1607 685 1639 solus
713 1607 892 1648 profanus
920 1606 1186 1647 inquisitorum
1213 1605 1462 1647 coryphaeus.
1492 1605 1657 1638 Maxima
1686 1606 1816 1648 populi
1847 1616 1936 1648 pars

313 1663 410 1705 apud
434 1662 654 1700 Hollandos,
681 1661 863 1694 Zelandos
887 1662 925 1693 et
947 1661 1132 1694 Flandros
1157 1661 1228 1693 seit
1257 1660 1466 1693 doctrinam
1489 1660 1647 1693 Lutheri
1675 1662 1713 1693 et
1739 1661 1824 1694 odio
1851 1661 1936 1703 plus

313 1727 423 1759 quam
446 1717 598 1759 capitali
621 1717 744 1749 fertur
767 1716 805 1748 in
830 1715 1053 1757 monachos3
1084 1716 1148 1756 qui
1175 1724 1260 1748 cum
1287 1715 1460 1757 plerique
1487 1715 1563 1748 sint
1588 1715 1690 1755 mali,
1719 1716 1844 1749 tamen
1867 1725 1936 1758 pro

311 1772 370 1805 his
402 1782 499 1805 nunc
529 1771 861 1814 belligerabimur3
894 1771 958 1812 qui
989 1771 1020 1803 si
1054 1770 1227 1809 vicerint,
1262 1771 1386 1803 actum
1420 1770 1494 1803 erit
1525 1770 1571 1803 de
1606 1770 1714 1803 bonis
1749 1771 1934 1804 omnibus.

313 1827 503 1869 Incipiunt
534 1836 632 1859 nunc
662 1826 882 1860 ferocire...
916 1825 1074 1858 Lovanii
1105 1825 1419 1859 sceleratissimus
1452 1825 1561 1858 nidus
1597 1826 1655 1858 est
1692 1826 1939 1867 quorumdam

315 1882 650 1915 dominicanorum.

662 1958 853 1995 Erasmus,
882 1957 1000 2001 Opera
1023 1959 1162 1997 omnia,
1189 1957 1271 1991 deel
1288 1957 1358 1996 ΙΙΙ,
1382 1966 1469 2000 pars
1485 1957 1516 1995 Ι,
1533 1957 1604 1990 blz.
1622 1956 1705 2000 886;
1722 1957 1936 2000 besproken

707 2013 799 2046 door
816 2013 861 2046 de
877 2012 986 2055 Hoop
1005 2012 1184 2052 Scheffer,
1206 2011 1475 2051 Geschiedenis,
1491 2011 1563 2046 blz.
1581 2013 1635 2045 24.

1065 2171 1188 2215 359.

386 2319 525 2366 1525,
552 2313 796 2371 Auyustus·
824 2318 902 2365 30,
929 2313 1251 2357 Amsterdam.
1281 2310 1522 2354 Uittreksel
1557 2311 1622 2354 uit
1653 2310 1704 2354 de
1737 2311 1941 2355 rekenin-

317 2400 399 2443 gen
424 2399 510 2429 van
541 2385 618 2428 het
648 2385 736 2427 Hof
763 2399 847 2427 van
878 2385 1065 2427 Holland
1099 2398 1204 2427 over
1225 2385 1277 2427 de
1308 2385 1394 2428 reis
1416 2398 1501 2427 van
1536 2399 1615 2428 een
1646 2385 1783 2442 zijner
1813 2385 1938 2429 leden

318 2468 426 2498 naar
455 2454 744 2503 Amsterdam‚
782 2466 849 2496 om
882 2467 929 2495 er
960 2457 1047 2496 met
1079 2453 1132 2496 de
1168 2452 1534 2510 afgevaardigden
1574 2467 1658 2497 van
1695 2454 1776 2497 den
1816 2455 1934 2510 alge-

319 2536 501 2566 meenen
522 2522 781 2578 inquisiteur
803 2521 898 2565 deel
923 2525 965 2565 te
987 2535 1142 2565 nemen
1162 2536 1246 2565 aan
1269 2535 1347 2565 een
1369 2535 1520 2578 proces
1542 2525 1673 2579 tegen
1698 2522 1750 2565 de
1773 2524 1936 2567 Luthe-

320 2605 475 2635 ranen.

364 2684 526 2717 Meester
548 2682 642 2717 Abel
659 2692 730 2716 van
755 2682 940 2721 Coulster,
965 2684 1082 2722 raedt‚
1102 2683 1162 2716 die
1179 2684 1272 2716 deur
1289 2683 1542 2716 ordonnancie
1559 2684 1654 2717 ende
1670 2683 1777 2717 bevel
1793 2684 1938 2717 vanden

320 2739 452 2771 voirss.
485 2738 590 2771 Hove
621 2739 774 2780 gereyst
803 2738 835 2770 is
865 2738 1006 2771 binnen
1045 2739 1112 2771 der
1151 2738 1256 2771 stede
1286 2747 1357 2771 van
1387 2738 1662 2772 Amstelredam
1693 2739 1788 2772 ende
1818 2739 1938 2772 aldair

322 2794 536 2826 informatie
564 2794 708 2836 gedaen
736 2793 870 2825 mitten
898 2793 1272 2836 gesubdelegeerden
1299 2803 1369 2826 van
1399 2794 1469 2826 den
1498 2794 1663 2827 deecken
1691 2802 1760 2826 van
1788 2793 1936 2827 Loeven

324 2849 455 2889 tegens
487 2848 558 2881 den
589 2847 749 2890 ghenen‚
784 2847 843 2880 die
872 2849 1022 2889 suspect
1050 2857 1176 2881 waren
1203 2849 1344 2881 vander
1374 2848 1544 2881 doctrine
1571 2848 1811 2887 Lutheriane,
1841 2849 1935 2882 ende

326 2901 552 2945 hemluyden
594 2902 812 2936 tassisteren
852 2902 892 2935 in
934 2903 1082 2946 tgundt,
1122 2903 1186 2936 dat
1223 2903 1313 2937 daer
1352 2903 1549 2942 aencleeft‚
1589 2903 1684 2937 ende
1721 2903 1838 2936 voirts
1875 2904 1935 2937 die
