2096 3481
301 249 340 282 1‘2
992 250 1129 284 ANNO
1156 251 1239 284 1519

1051 394 1136 437 25.

363 526 500 571 1519,
531 523 770 578 Augyustus
796 527 873 573 30,
903 523 1101 566 Keulcn.
1129 519 1356 576 Plechtige
1379 519 1711 576 veroordeeling
1734 533 1817 564 van
1848 535 1930 564 een

291 606 375 635 van
400 593 599 636 Luther’s
636 592 905 650 geschriften
931 593 1036 636 door
1063 594 1115 636 de
1148 595 1438 651 godgeleerde
1465 595 1682 639 Faculteit
1705 595 1783 638 der
1814 596 1931 639 Ηοο-

290 661 494 716 geschool
529 675 613 704 van
648 662 833 711 Keulen,
877 675 931 718 op
969 662 1157 705 verzoek
1194 677 1281 705 van
1323 662 1391 705 die
1429 677 1515 706 van
1550 664 1739 708 Leuven.
1778 690 1833 696 —
1869 665 1929 708 De

289 729 580 785 godgeleerde
617 730 839 774 Faculteit
877 744 961 773 van
996 732 1170 773 Leuven
1206 732 1290 774 had
1320 732 1430 775 haar
1464 729 1571 775 voor
1604 732 1757 789 eenige
1789 732 1928 790 dagen

291 812 372 840 een
396 812 496 841 zeer
519 799 732 843 verdacht
754 799 865 841 boek
888 813 973 842 van
997 800 1181 852 Luther,
1211 804 1339 856 groot
1362 801 1450 844 488
1481 800 1744 859 bladzijden‚
1771 815 1931 858 gezon-

292 867 391 916 den,
425 867 536 910 haar
565 868 778 911 biddende
817 868 893 912 het
930 871 975 911 te
1014 869 1163 911 willen
1202 869 1519 914 onderzoeken.
1561 870 1632 914 Dit
1668 870 1930 926 geschiedde

292 950 347 979 en
370 949 419 979 er
441 937 564 980 werd
597 936 840 988 bevonden,
878 937 953 980 dat
975 936 1038 980 dit
1071 936 1183 980 boek
1215 951 1300 980 van
1333 938 1569 995 ketterijen
1604 938 1798 992 krielde;
1825 939 1929 983 deze

289 1004 527 1062 ketteriJ’en
558 1005 739 1048 worden
762 1005 860 1048 hier
881 1005 1143 1061 aangeduid.
1182 1007 1352 1061 Daarop
1384 1006 1654 1062 vergaderde
1686 1008 1741 1051 de
1773 1008 1927 1051 Facul-

285 1074 365 1118 teit
392 1088 445 1117 en
469 1074 732 1118 verklaarde
759 1074 821 1118 dit
845 1074 954 1117 boek
976 1074 1211 1118 volkomen
1238 1074 1482 1118 kettersoh.
1519 1075 1677 1119 Overal
1699 1079 1815 1120 moet
1850 1076 1929 1121 het

284 1143 528 1199 vernietigd
553 1157 607 1186 en
631 1143 850 1186 verbrand
874 1143 1055 1186 worden
1080 1157 1134 1186 en
1156 1143 1210 1186 de
1233 1143 1451 1200 schriJ’ver
1478 1147 1544 1188 tot
1567 1157 1674 1187 eene
1709 1145 1927 1201 openbare

281 1213 546 1268 herroeping
569 1212 861 1268 gedwongen.
887 1236 944 1243 —-
967 1213 1077 1255 Deze
1099 1211 1336 1269 beslissing
1367 1213 1494 1256 werd
1517 1216 1562 1256 te
1584 1214 1754 1258 Keulen
1779 1215 1823 1258 in
1848 1214 1926 1258 het

284 1281 807 1340 predikheerenklooster
828 1294 1059 1338 genomen.

351 1385 612 1421 Condemnatio
632 1384 836 1420 Facultatis
852 1384 1058 1430 theoloyiae
1074 1382 1303 1420 Coloniensi-5¹
1317 1385 1498 1421 adversus
1514 1386 1679 1421 eiusdem
1704 1388 1864 1422 Martini

996 1440 1217 1475 doctrinam.

333 1519 528 1554 Universis
552 1521 591 1552 et
618 1519 778 1562 singulis
806 1518 873 1552 has
902 1519 1050 1552 nostras
1079 1518 1210 1552 literas
1234 1519 1372 1552 visuris
1396 1520 1435 1552 et
1462 1519 1659 1559 audituris,
1686 1520 1858 1554 Decanus
1886 1522 1925 1555 et

287 1575 461 1609 Facultas
485 1584 613 1607 sacrae
637 1574 854 1617 theologiae
878 1574 1102 1607 universalis
1128 1574 1250 1606 Studii
1279 1574 1526 1613 Coloniensis,
1546 1584 1631 1608 cum
1656 1575 1805 1609 sincera
1830 1585 1925 1609 com-

291 1631 544 1669 mendatione,
570 1629 741 1662 salutem.

332 1685 497 1718 Tametsi
515 1694 644 1717 omnes
661 1685 821 1717 ubilibet
837 1685 1088 1718 consistentes
1106 1684 1238 1718 fideles
1256 1685 1303 1717 ad
1319 1685 1528 1718 communis
1545 1685 1634 1718 fidei
1651 1686 1922 1726 defensionem,

288 1741 423 1773 nedum
453 1750 537 1773 cum
565 1749 705 1778 rerum,
735 1749 867 1772 verum
894 1740 1009 1773 etiam
1037 1749 1122 1772 cum
1150 1741 1327 1782 propriae
1355 1740 1454 1773 vitae
1483 1741 1680 1782 dispendio
1709 1742 1921 1781 teneantur,

287 1796 489 1837 praecipue
514 1798 639 1827 tamen
657 1804 721 1828 eos
746 1796 792 1827 ad
815 1796 854 1827 id
879 1795 1046 1828 numeris
1071 1796 1211 1828 arctius
1230 1795 1431 1827 obstrictos
1456 1797 1616 1834 constat,
1637 1796 1702 1836 qui
1725 1805 1794 1838 pro
1811 1796 1921 1829 titulo

285 1850 533 1892 professionis
551 1851 596 1882 ab
614 1849 784 1883 Ecclesia
800 1850 846 1882 ad
863 1850 901 1882 id
918 1859 1009 1892 prae
1022 1851 1182 1883 caeteris
1202 1850 1383 1892 deputati,
1403 1851 1651 1883 aestimantur
1667 1859 1796 1884 sacrae
1817 1851 1922 1885 theo-

286 1905 412 1948 logiae
435 1905 621 1947 magistri,
641 1914 812 1946 quorum,
839 1907 881 1937 ut
904 1905 1100 1947 Scriptura
1123 1906 1187 1944 ait,
1215 1905 1512 1947 uniuscujusque
1537 1906 1638 1938 ensis
1662 1915 1775 1948 super
1796 1907 1920 1939 femur

284 1961 366 2002 ejus
391 1969 473 1993 esse
499 1960 610 1993 debet
632 1961 788 2002 propter
812 1960 967 1993 timores
993 1962 1210 1999 nocturnos,
1236 1969 1388 1993 errores
1406 1962 1445 1994 et
1460 1960 1650 1999 haereses,
1667 1970 1772 2002 quOS,
1790 1970 1920 2003 procu-

283 2017 393 2048 rante
419 2015 683 2048 universorum
710 2015 938 2048 zizaniorum
965 2018 1092 2048 satore
1120 2015 1292 2054 Diabolo,
1319 2016 1443 2048 studio
1471 2024 1674 2057 pravorum
1700 2017 1919 2058 pseudoque

281 2070 556 2103 catholicorum
587 2070 626 2102 in
658 2070 831 2103 Ecclesia
861 2079 930 2112 per
969 2072 1143 2112 tempora
1174 2070 1448 2104 dormientibus
1480 2070 1695 2104 hominibus
1734 2071 1921 2115 contingit

282 2124 483 2167 pullulare.

326 2181 417 2213 Cum
434 2180 561 2221 itaque
579 2182 664 2213 ante
682 2180 826 2221 aliquot
839 2181 907 2213 hos
926 2181 1005 2214 dies
1022 2180 1226 2214 venerandi
1244 2180 1567 2221 eruditissimique
1585 2181 1727 2214 domini
1744 2181 1918 2215 Decanus

282 2237 320 2268 et
343 2235 517 2267 Facultas
542 2236 818 2269 sacratissimae
843 2236 1059 2278 theologiae
1085 2236 1245 2278 insignis
1275 2235 1396 2268 Studii
1422 2236 1680 2275 Lovaniensis,
1709 2237 1918 2270 confratres

284 2291 415 2328 nostri,
446 2291 533 2323 fidei
563 2290 641 2323 zelo
671 2292 852 2327 succensi,
883 2300 951 2332 per
978 2292 1174 2332 proprium
1204 2300 1312 2323 suum
1341 2291 1518 2323 nuncium
1547 2300 1676 2324 sacrae
1704 2291 1920 2334 theologiae

282 2345 572 2382 baccalaurium,
598 2346 735 2378 librum
761 2346 959 2386 quemdam
984 2347 1051 2378 sub
1077 2346 1187 2378 titulo
1213 2346 1407 2387 cujusdam
1435 2346 1564 2378 fratris
1583 2346 1736 2378 Martini
1761 2346 1919 2379 Lutheri

282 2400 508 2441 impressum
537 2401 581 2432 ad
608 2410 674 2432 nos
703 2401 994 2439 transmiserint,
1021 2401 1325 2442 expetierintque
1354 2403 1538 2442 quatenus
1565 2401 1762 2433 charitatis
1791 2401 1917 2434 debito

283 2455 456 2487 eumdem
480 2455 630 2493 librum,
657 2465 766 2496 quem
792 2456 996 2488 multorum
1021 2456 1162 2489 Christi
1185 2456 1355 2489 fidelium
1383 2464 1492 2488 aures
1521 2456 1689 2498 graviter
1716 2456 1917 2489 offendisse

282 2510 527 2550 accepissent,
547 2511 646 2551 quod
671 2519 778 2548 nova,
798 2510 962 2549 insolita,
987 2511 1159 2543 inaudita
1181 2512 1220 2544 et
1243 2511 1356 2543 noxia
1372 2511 1555 2551 quaedam
1580 2511 1757 2553 dogmata
1778 2511 1818 2543 in
1842 2511 1917 2544 fide

281 2573 442 2597 erronea
465 2564 670 2597 lectoribus
687 2566 892 2607 ingereret,
911 2565 1145 2607 perlustrare
1170 2568 1208 2598 et
1231 2566 1447 2599 examinare
1466 2566 1721 2608 dignaremur,
1741 2566 1864 2607 atque,
1883 2566 1915 2598 si

279 2619 332 2651 ita
345 2622 567 2658 mereretur,
583 2621 862 2661 reprobationis
881 2622 1032 2654 nostrae
1050 2629 1248 2654 censuram
1266 2619 1528 2653 doctrinaliter
1545 2620 1808 2653 adhiberemus
1824 2630 1831 2652 :
1847 2630 1914 2653 nos

280 2676 355 2706 tam
373 2675 511 2706 sanctis
537 2675 735 2707 desideriis
751 2676 938 2716 justisque
955 2676 1130 2716 precibus
1154 2677 1388 2708 confratrum
1412 2676 1627 2707 nostrorum
1650 2675 1786 2708 merito
1810 2675 1916 2708 incli-

281 2729 371 2767 nati,
390 2731 732 2770 praememoratum
754 2729 893 2762 librum
911 2731 1206 2773 quadringentas
1229 2733 1268 2763 et
1290 2730 1509 2772 octuaginta
1525 2731 1607 2762 octo
1631 2729 1788 2772 paginas
1811 2730 1850 2763 in
1874 2740 1915 2763 se

279 2784 387 2825 juxta
409 2793 606 2816 numerum
632 2784 708 2816 illis
733 2785 959 2826 impressum
981 2785 1249 2824 continentem,
1265 2785 1461 2818 visendum
1486 2785 1800 2826 revisendumque
1825 2795 1914 2818 non-

281 2837 394 2870 nullis
413 2847 458 2870 ex
476 2839 621 2880 gremio
636 2841 764 2871 nostro
783 2840 974 2882 magistris
992 2840 1259 2872 commisimus.

324 2893 372 2925 Et
388 2893 564 2933 quoniam
581 2899 666 2934 post
682 2893 833 2926 illorum
851 2903 1009 2927 examen
1034 2894 1148 2928 talem
1166 2904 1252 2928 eum
1268 2894 1393 2936 palam
1416 2895 1680 2936 comperimus,
1707 2894 1771 2935 qui
1789 2895 1911 2935 quoad

282 2949 461 2981 tractatus
490 2950 528 2981 et
557 2949 733 2982 materias
764 2957 833 2991 per
864 2950 889 2982 f.
921 2949 1126 2983 Martinum
1153 2949 1362 2984 Lutherum
1390 2950 1523 2989 editas,
1554 2950 1678 2991 atque,
1705 2950 1747 2982 ut
1772 2950 1907 2989 fertur,
