2096 3481
336 227 397 260 212
1018 225 1154 260 ANNO
1182 226 1262 259 1523

334 335 386 367 26.
409 335 527 375 Majus
551 336 607 367 est
624 343 771 367 sumere
796 343 930 376 corpus
949 335 1101 373 Christi,
1121 335 1219 376 quod
1237 333 1408 366 omnibus
1434 332 1606 366 fidelibus
1623 334 1814 376 competit,
1842 342 1953 376 quam

422 398 654 424 consecrare.
674 389 771 429 quod
796 390 976 422 duntaxat
999 391 1036 422 in
1061 389 1310 422 ministerium
1334 389 1452 429 ipsius
1469 389 1705 422 sacramenti.
1727 389 1811 422 Non
1828 390 1952 422 tamen

420 443 617 480 intellexit,
651 446 788 481 utrum,
822 444 853 476 si
893 445 1090 486 episcopus
1122 445 1264 477 diceret
1295 443 1389 475 laico
1425 452 1432 475 :
1468 456 1483 470 u
1510 443 1745 477 Consecretis
1771 459 1801 483 n,
1834 443 1952 477 laicus

420 499 499 531 sine
517 497 590 530 alia
607 498 842 531 ordinatione
859 500 1097 532 consecraret
1113 508 1248 540 corpus
1266 497 1417 531 Christi.

332 554 383 585 27.
405 553 486 585 Non
516 554 571 585 est
596 552 691 593 juris
719 552 846 591 divini,
874 562 994 594 neque
1020 562 1041 586 a
1065 554 1142 586 Deo
1167 553 1421 594 praeceptum,
1449 552 1574 585 omnia
1597 553 1752 594 peccata
1774 552 1951 586 mortalia

417 607 588 640 confiteri
617 607 771 644 homini,
801 608 889 647 qnia
917 617 1025 641 nemo
1054 608 1247 640 hominum
1275 608 1400 649 potest
1425 616 1492 639 sua
1522 608 1676 649 peccata
1707 616 1948 650 cognoscere,

419 661 534 694 inulto
553 662 674 693 minus
691 662 876 694 confiteri.

331 716 385 749 23.
404 716 628 757 Baptismus,
648 716 885 749 Eucharistia
908 718 945 749 et
968 717 1200 758 poenitentia
1223 717 1435 749 innituntur
1458 717 1770 758 promissionibus
1796 716 1948 756 Christi,

421 780 514 811 qnae
533 771 642 803 fidem
660 771 845 811 excitantg
864 771 948 804 idco
966 772 1086 804 credit
1102 781 1232 804 eorum
1250 772 1361 804 fidem
1379 772 1417 804 et
1433 771 1594 813 gratiam
1611 772 1798 804 conferre.

333 826 385 858 29.
405 825 567 866 Reliqua
590 827 750 865 quatuor
766 827 1010 864 sacramenta,
1029 825 1204 859 videlicet
1220 826 1527 864 confirmationis,
1548 826 1702 864 ordinis,
1722 825 1951 859 matrimonii

420 882 457 913 et
474 882 664 913 extremae
688 880 886 919 unctionis,
918 890 991 913 non
1019 881 1175 913 verbum
1197 881 1468 922 promissionis
1498 881 1563 913 sed
1592 881 1679 913 sunt
1705 881 1830 922 potius
1857 880 1952 913 ritus

419 935 662 975 antiquitatus
680 935 879 972 observati,
898 936 935 968 et
951 935 1034 968 ideo
1060 944 1134 968 non
1151 936 1351 968 conferunt
1367 935 1540 978 gratiam,
1560 936 1598 968 et
1613 936 1771 977 possunt
1786 934 1950 976 relinqui

417 992 458 1022 ut
475 998 548 1021 non
566 991 811 1022 sacramenta.

328 1043 382 1077 30.
402 1044 622 1077 Praedictae
639 1045 873 1077 sacramenta
897 1053 970 1077 non
994 1043 1078 1086 plus
1096 1045 1296 1078 conferunt
1319 1045 1480 1088 gratiam
1502 1054 1613 1086 quam
1630 1043 1694 1077 alii
1710 1044 1806 1077 ritus
1822 1043 1949 1078 Eccle-

414 1099 503 1137 siae,
523 1108 615 1139 quos
632 1098 802 1132 Ecclesia
818 1108 891 1131 non
908 1100 1059 1141 reputat
1075 1100 1320 1139 sacramenta,
1340 1100 1429 1141 quia
1445 1099 1515 1132 soli
1532 1099 1646 1132 verbo
1664 1099 1734 1132 Dei
1755 1100 1949 1132 confertur

413 1154 548 1196 gratia.

326 1208 379 1241 31.
399 1208 641 1241 sacerdotum
670 1218 743 1241 non
775 1209 832 1242 est
859 1210 1146 1248 sacramentum,
1180 1209 1425 1242 nihilominus
1454 1210 1511 1243 est
1541 1209 1794 1243 ministerium
1826 1217 1949 1242 neces-

415 1264 566 1295 sarium.

327 1318 379 1350 32.
395 1317 573 1351 Extrema
590 1318 714 1350 unctio
733 1327 807 1350 non
824 1318 937 1352 habet
953 1319 1254 1360 promissionem.

327 1372 379 1405 33.
399 1373 477 1406 Nec
504 1382 601 1414 papa
628 1383 695 1406 nec
723 1373 920 1415 episcopus
952 1375 1016 1406 aut
1046 1373 1141 1406 alius
1177 1373 1336 1414 quilibet
1365 1373 1556 1415 praelatus
1587 1372 1794 1415 spiritualis
1825 1374 1950 1415 potest

414 1429 603 1460 hominem
622 1427 791 1470 obligare
807 1429 852 1460 ad
870 1438 914 1461 ea
931 1438 1025 1469 quae
1043 1438 1116 1460 non
1134 1430 1221 1461 sunt
1240 1429 1335 1470 Juris
1354 1429 1481 1467 divini,
1508 1429 1560 1461 ita
1576 1429 1617 1461 ut
1633 1427 1947 1471 transgrediendo

413 1485 541 1524 peccet
565 1482 788 1521 mortaliter,
815 1484 855 1515 ut
877 1484 968 1524 puta
992 1484 1038 1515 ad
1062 1484 1244 1516 ieiunium
1273 1484 1595 1526 quadragesimae,
1622 1483 1668 1516 ad
1692 1483 1946 1516 confitendum

414 1537 528 1571 semel
568 1538 605 1570 in
642 1547 751 1575 annO,
790 1538 834 1570 ad
869 1537 1163 1571 celebrationem
1196 1539 1392 1578 festorum,
1429 1539 1515 1577 etc„
1555 1556 1598 1562 -—
1636 1537 1782 1571 secluso
1816 1538 1946 1570 fratris

411 1592 599 1631 scandale,
620 1593 737 1625 donec
754 1592 887 1625 melius
906 1593 1113 1625 instructus
1130 1594 1257 1626 fuerit.

322 1647 374 1680 34.
396 1648 566 1681 Christus
594 1649 771 1689 operatur
798 1648 836 1679 in
864 1647 1078 1680 hominibus
1107 1649 1145 1681 et
1171 1657 1239 1690 per
1266 1648 1437 1681 homines
1465 1657 1574 1680 omne
1599 1657 1692 1689 opus
1714 1647 1866 1686 bonum,
1892 1647 1946 1679 ita

409 1706 449 1735 ut
474 1703 645 1735 homines
669 1702 762 1734 nihil
788 1704 901 1745 agant
919 1704 1049 1741 active,
1076 1703 1141 1736 sed
1164 1704 1357 1745 patiantur
1375 1703 1556 1736 duntaxat
1573 1702 1763 1736 Christum
1790 1711 1944 1744 operan-

409 1759 484 1790 tem
503 1758 540 1790 in
558 1767 597 1790 se
616 1759 791 1798 tanquam
809 1758 846 1790 in
864 1758 1128 1790 instrumento.

322 1812 375 1844 35.
395 1813 588 1845 Romanus
619 1813 802 1853 pontifex,
832 1813 938 1845 Petri
969 1822 1175 1851 successor,
1209 1822 1283 1845 non
1317 1813 1457 1846 Christi
1483 1813 1645 1845 vicarius
1678 1820 1790 1853 super
1818 1820 1947 1844 omnes

409 1868 523 1899 totius
552 1867 680 1899 mundi
707 1867 895 1900 Ecclesias
927 1867 971 1899 ab
1000 1868 1081 1909 ipso
1107 1867 1255 1901 Christo
1284 1868 1323 1900 in
1346 1868 1456 1900 beato
1485 1868 1600 1901 Petro
1625 1867 1833 1905 institutus,
1859 1866 1948 1907 quia

410 1922 580 1955 Christus
597 1931 671 1954 non
689 1922 880 1960 vicarium,
900 1923 964 1954 sed
981 1923 1195 1955 ministrum
1212 1923 1376 1955 instituit
1393 1932 1578 1955 summum
1593 1922 1820 1963 pontificem.

321 1976 374 2009 36.
395 1977 528 2010 Omnia
558 1978 644 2009 vota
676 1978 871 2018 perpetua,
905 1978 1013 2009 extra
1047 1977 1186 2010 Christi
1221 1979 1464 2019 praeceptum
1495 1977 1643 2014 emissa,
1676 1977 1717 2009 ut
1743 1977 1830 2008 sunt
1859 1976 1946 2008 vota

407 2032 685 2075 religiosorum,
705 2033 792 2064 sunt
807 2032 1066 2073 imprudenter
1083 2032 1220 2065 emissa
1235 2042 1303 2074 per
1321 2033 1574 2075 ignorantiam
1591 2032 1818 2064 christianae
1834 2030 1946 2065 liber-

405 2088 505 2126 tatis,
525 2089 562 2120 et
579 2088 632 2119 sic
650 2096 723 2119 non
741 2086 979 2129 obligatoria.

318 2142 371 2175 37.
398 2143 601 2183 Postquam
621 2143 798 2183 expertus
815 2143 873 2175 est
899 2142 1145 2175 christianam
1161 2142 1387 2182 libertatem,
1406 2142 1674 2175 conscientiam
1691 2150 1796 2174 suam
1812 2141 1946 2174 vinciri

405 2198 499 2229 votis
518 2206 591 2229 non
608 2198 726 2238 putat.

316 2251 369 2285 38.
389 2253 487 2285 Vera
510 2254 548 2285 et
564 2252 769 2284 christiana
792 2253 830 2284 ct
854 2251 1039 2284 catholica
1056 2252 1148 2285 fides
1166 2261 1240 2284 non
1257 2253 1383 2294 potest
1408 2252 1576 2294 separari
1600 2261 1622 2284 a
1644 2251 1840 2290 charitate,
1858 2251 1946 2292 quia

403 2307 566 2339 charitas
590 2309 647 2340 est
670 2307 814 2339 fruetus
839 2307 938 2346 fidei,
966 2308 1004 2340 et
1027 2307 1120 2340 fides
1145 2307 1351 2340 christiana
1378 2307 1458 2340 sine
1483 2307 1686 2340 dilectione
1702 2307 1851 2338 mortua
1873 2307 1942 2339 est.

317 2362 371 2394 39.
391 2362 672 2395 Sacramentum
689 2362 727 2394 in
744 2362 858 2394 missa
874 2362 1028 2403 prodest
1046 2362 1227 2394 duntaxat
1244 2362 1420 2395 sumenti.

317 2416 370 2449 40.
391 2417 544 2456 Quando
582 2417 672 2449 deus
708 2417 863 2449 dimittit
896 2417 1086 2458 peccatori
1118 2418 1284 2458 peccata,
1323 2419 1412 2449 tunc
1443 2425 1511 2458 per
1543 2417 1703 2449 mortem
1735 2415 1874 2449 Christi
1906 2416 1944 2449 et

405 2474 643 2513 peccatorum
662 2472 817 2504 dimittit
834 2481 981 2504 omnem
997 2481 1157 2513 poenam
1175 2474 1212 2504 et
1229 2472 1300 2505 hoc
1317 2473 1378 2513 pie
1396 2472 1528 2504 credit.

318 2526 370 2558 41.
391 2527 519 2559 Nescit
543 2528 668 2559 utrum
693 2528 741 2559 sit
764 2528 1026 2569 purgatorium
1052 2536 1098 2559 an
1125 2537 1198 2559 non
1224 2528 1284 2559 sit.

318 2581 369 2613 42.
390 2582 494 2614 Dixit
519 2591 526 2613 ε
555 2595 570 2607 «ι
590 2582 740 2614 Domini
767 2582 854 2620 mei,
884 2582 1011 2622 inique
1040 2582 1172 2624 egistis
1198 2582 1403 2621 nobiscum,
1435 2583 1473 2614 et
1497 2591 1570 2614 non
1597 2581 1800 2614 secundum
1823 2580 1942 2614 Evan-

406 2636 559 2678 gelium.
581 2652 596 2664 η

317 2691 370 2723 43.
391 2692 670 2724 Sacramentum
694 2691 954 2724 Eucharistiae
979 2701 1052 2724 non
1078 2692 1190 2725 habet
1214 2692 1252 2724 in
1277 2691 1388 2725 altari
1413 2691 1652 2730 oblationem,
1679 2691 1744 2724 sed
1768 2691 1806 2723 in
1831 2698 1940 2722 cruce

405 2748 547 2779 tantum
566 2747 680 2779 semel
699 2747 837 2779 oblatio
855 2748 954 2779 facta
971 2748 1038 2780 est.

317 2803 370 2834 44.
390 2802 592 2842 Postquam
610 2804 784 2843 peccator
808 2804 865 2834 est
888 2804 1081 2834 confessus
1106 2803 1143 2834 et
1167 2801 1371 2839 absolutus,
1396 2811 1469 2834 non
1494 2801 1684 2844 obligatur
1707 2801 1791 2842 jure
1815 2800 1939 2832 divino

405 2857 448 2888 acl
477 2857 638 2897 aliquam
667 2866 837 2897 poenam,
869 2857 1068 2889 dummodo
1097 2866 1170 2889 non
1196 2857 1361 2889 offendat
1384 2858 1540 2889 fratrem
1564 2856 1848 2889 scandalizando
1876 2855 1940 2887 aut

403 2912 608 2945 Ecclesiam
633 2912 757 2953 aliquo
781 2913 938 2945 crimine
962 2912 1111 2954 publico
1135 2912 1193 2945 vel
1217 2913 1375 2954 privato.
1402 2913 1450 2945 Et
1473 2922 1564 2954 ergo
1589 2913 1676 2944 sunt
1699 2911 1820 2944 solum
1844 2911 1938 2943 duae

404 2971 528 3010 partes
545 2969 810 3010 poenitentiae.
