2096 3481
394 705 887 749 VERBETERINGEN
927 706 1000 748 EN
1039 705 1517 751 AANVULLINGEN.

753 1008 846 1042 Scuk
869 1015 910 1042 72¹·
938 1009 1007 1046 13,
1033 1008 1103 1043 blz.
1130 1010 1162 1042 5.

184 1095 250 1128 Dit
273 1094 452 1137 plakkaat
477 1095 509 1128 is
536 1096 645 1129 rccds
671 1095 874 1138 afgcdrukt
898 1096 947 1137 bij
975 1096 1041 1128 Cll-
1070 1097 1248 1134 Laurcnt.
1269 1096 1414 1131 Recueil
1431 1096 1494 1130 des
1517 1095 1772 1130 ordonnances

142 1148 207 1184 des
230 1149 428 1193 Pays-Bas
451 1150 577 1192 (1893),
602 1150 639 1182 2ο
663 1151 775 1189 serie,
804 1150 1003 1189 1506-1700,
1029 1151 1111 1185 dccl
1138 1152 1167 1190 Ι,
1194 1152 1262 1184 blz.
1293 1152 1369 1190 602,
1396 1161 1486 1186 naar
1510 1152 1575 1186 het
1598 1152 1773 1187 afsehrift

144 1205 212 1239 der
228 1204 427 1248 Brugsche
444 1204 759 1249 Haneyheboden.

646 1304 814 1339 Stukken
839 1311 893 1338 721'8
923 1305 1065 1344 15-18‚
1092 1305 1163 1340 blz.
1189 1307 1265 1340 6-9.

185 1391 285 1427 Over
308 1393 380 1426 den
406 1393 579 1426 toestand
597 1393 664 1426 der
679 1393 1122 1436 Augustijncnkloostcrs
1139 1403 1210 1427 van
1229 1394 1441 1427 Dordrccht
1457 1404 1503 1428 cn
1525 1394 1771 1437 Antwcrpcn,

141 1448 229 1481 toen
258 1447 376 1481 Jacob
406 1448 650 1490 praepositus
682 1458 728 1481 en
760 1448 934 1481 chdrik
966 1458 1035 1482 van
1066 1449 1237 1491 Zutphcn
1269 1458 1310 1483 er
1341 1450 1406 1482 het
1433 1450 1536 1482 ambt
1566 1459 1635 1483 van
1663 1450 1770 1492 prior

141 1502 391 1540 bekleedden,
424 1503 574 1536 schreef
606 1503 748 1536 Luther
779 1512 848 1536 aan
879 1503 1074 1537 <Iohannes
1106 1504 1284 1546 Staupitz‚
1318 1505 1453 1538 vicaris
1485 1505 1552 1538 der
1584 1506 1688 1543 orde,
1722 1515 1769 1547 op

139 1556 162 1590 3
193 1557 356 1591 October
388 1557 473 1591 1519
504 1559 560 1591 uit
590 1558 833 1601 Wittcnberg
860 1559 925 1591 het
950 1558 1163 1602 volgende:
1195 1573 1210 1585 ιε
1299 1559 1444 1593 Vellem
1471 1560 1599 1602 plures
1628 1561 1674 1593 ad
1702 1570 1770 1593 nos

139 1613 279 1647 tratres
297 1611 335 1646 et
351 1622 416 1646 eos
433 1613 590 1646 idoncos
606 1613 718 1646 mitti.
738 1613 896 1656 Scripsit
919 1613 1012 1646 mihi
1037 1616 1196 1655 uterque
1222 1614 1334 1647 Prior
1350 1615 1574 1648 inferiorum
1591 1616 1768 1657 partium,

138 1669 304 1704 Jacobus
328 1670 367 1702 et
391 1669 607 1709 Heinricus,
626 1669 935 1711 querulosissime
953 1679 995 1703 ac
1013 1671 1210 1712 desperate
1227 1680 1395 1713 prorsus,
1414 1673 1490 1704 tete
1508 1671 1768 1713 implorantes,

140 1723 235 1758 nihil
253 1725 315 1768 agi
331 1733 400 1766 per
417 1734 548 1758 corum
565 1725 766 1766 vicarium3
786 1725 967 1758 missuros
992 1726 1117 1759 tamen
1142 1726 1272 1759 dicunt
1287 1735 1327 1759 se
1345 1728 1496 1763 fratres,
1516 1727 1590 1759 imo
1608 1736 1648 1760 se
1664 1727 1766 1769 ipsos

139 1780 336 1821 venturos3
371 1780 437 1813 scd
469 1789 544 1813 non
576 1781 654 1817 fiet,
687 1789 770 1813 cum
803 1781 841 1812 in
873 1780 1113 1822 paschalibus
1153 1781 1261 1814 datae
1293 1782 1369 1814 sint
1399 1781 1546 1819 literae,
1580 1791 1650 1815 nec
1681 1782 1769 1816 dum

138 1836 400 1878 comparent...
420 1851 435 1864 „
455 1835 513 1877 (E.
532 1835 573 1869 L.
593 1835 752 1873 Endcrs,
773 1833 943 1868 Lutlzer’s
960 1834 1232 1880 Briefwechsel,
1253 1835 1335 1870 dcel
1354 1836 1403 1874 II,
1422 1836 1491 1870 blz.
1513 1836 1604 1878 183.)

739 1933 830 1968 Stuk
852 1941 893 1968 η’·
918 1935 990 1974 31,
1016 1934 1088 1968 blz.
1113 1935 1168 1969 20.

183 2021 249 2056 Dit
270 2021 453 2065 plakkaat
475 2023 506 2055 is
530 2023 641 2056 rceds
666 2022 871 2066 afgedrukt
894 2023 942 2064 bij
967 2023 1003 2057 J.
1031 2023 1225 2062 Lameerc,
1243 2022 1393 2059 Recuez'l
1415 2023 1479 2058 des
1502 2023 1767 2063 ordennances,

142 2077 224 2112 deel
242 2077 292 2116 II,
310 2077 381 2111 blz.
401 2078 416 2109 1
436 2077 564 2120 (1898),
584 2087 676 2111 naar
692 2077 879 2111 het-zelfdc
897 2078 1082 2111 afsehritt.

717 2177 807 2212 εικῆ
829 2184 870 2211 nr
895 2179 969 2220 34,
995 2178 1065 2212 blz.
1092 2179 1147 2213 55.

184 2265 282 2300 Over
306 2266 352 2300 de
376 2266 631 2309 verbranding
654 2267 771 2308 zijner
795 2267 941 2300 boekcn
967 2267 1003 2300 tc
1027 2267 1178 2301 Leuvcn
1203 2267 1238 2310 (8
1262 2267 1342 2302 Oct.
1372 2267 1468 2310 1520)
1492 2278 1538 2302 cn
1564 2270 1600 2302 tc
1618 2268 1766 2304 Keulen

139 2321 290 2355 schreei'
320 2321 462 2355 Luther
494 2331 562 2355 aau
596 2323 668 2356 den
699 2322 900 2365 Augustijn
931 2322 1003 2356 Jan
1035 2323 1141 2365 Lang
1172 2324 1208 2356 tc
1244 2323 1376 2356 Erfurt
1414 2323 1470 2365 (28
1508 2324 1602 2357 Νον.
1641 2324 1765 2367 152Ο);

141 2375 341 2410 “Libellos
370 2386 473 2410 meos
503 2378 729 2410 exusserunt
752 2377 995 2411 Colonienses
1020 2378 1058 2410 01
1082 2378 1389 2412 Lovanienses....
1409 2394 1425 2408 n
1452 2379 1510 2421 (E.
1536 2379 1576 2412 L.
1606 2379 1766 2418 Enders,

138 2429 299 2465 Lachers
315 2431 587 2476 Briefweclzsel,
614 2432 696 2466 (leel
722 2432 772 2469 ΙΙ,
791 2431 860 2464 blz.
879 2432 971 2474 532.)
988 2451 1030 2456 -
1047 2433 1088 2465 In
1107 2434 1196 2465 noot
1213 2433 1233 2465 6
1250 2434 1316 2466 der
1335 2434 1401 2466 blz.
1421 2434 1485 2466 534
1502 2435 1606 2477 gceft
1621 2435 1766 2468 Enders

140 2495 230 2520 over
258 2487 318 2520 (110
345 2487 598 2530 verbranding
622 2488 687 2521 hct
710 2487 895 2530 volgendc
920 2487 1117 2521 uittrcksel
1144 2488 1200 2521 uit
1223 2488 1548 2531 Occolompadius,
1574 2489 1767 2524 Judicium

140 2540 186 2575 de
211 2540 366 2576 Doctore
392 2542 444 2575 M.
475 2541 638 2576 Luthero
659 2553 666 2575 :
698 2556 713 2569 u
733 2543 1001 2575 Dominicastri
1026 2543 1279 2577 Lovanienscs
1303 2545 1531 2577 curaverunt
1554 2545 1631 2577 suis
1655 2553 1766 2587 pecu-

140 2596 226 2634 niis,
252 2598 294 2630 ut
318 2606 433 2639 opera
457 2597 613 2631 Lutheri
639 2598 956 2631 incinerarcntur.
983 2597 1194 2631 Concursus
1211 2599 1333 2631 factus
1361 2600 1419 2632 est
1444 2609 1451 2631 :
1481 2599 1610 2641 plures
1638 2609 1768 2642 appor-

140 2652 268 2685 tarunt
292 2651 422 2691 libros,
448 2653 514 2686 sed
539 2662 613 2686 non
639 2653 806 2686 Martini.
834 2652 1034 2685 Studentcs
1058 2653 1185 2694 itaque
1203 2654 1242 2686 et
1256 2653 1428 2695 plerique
1446 2654 1523 2691 alii,
1541 2656 1673 2696 parato
1689 2656 1765 2697 jam

140 2707 242 2750 igne,
268 2706 386 2741 libros
409 2709 672 2750 comportant:
700 2707 764 2740 illc
788 2707 979 2741 Sermones
1004 2707 1204 2752 Discipuli,
1229 2708 1326 2742 altcr
1356 2709 1606 2747 Tartareeum,
1624 2711 1678 2743 sic
1702 2710 1764 2744 hic.

143 2761 273 2796 Dormi
298 2772 423 2797 secure
448 2764 621 2806 paratum
649 2764 687 2796 et
717 2762 811 2796 alios
843 2762 880 2795 id
911 2772 1044 2805 genus,
1078 2764 1118 2796 ut
1148 2763 1277 2805 plures
1309 2773 1355 2797 cx
1387 2764 1538 2797 illorum
1570 2765 1765 2799 autoribus

140 2817 325 2851 combusti
341 2819 440 2855 sunt,
460 2828 570 2860 quam
595 2828 641 2852 cx
666 2818 842 2860 oporibus
868 2817 1020 2850 Martini
1039 2818 1208 2851 Lutliori.
1227 2818 1339 2852 Venit
1354 2821 1546 2861 postremo
1570 2820 1766 2854 carmelita

141 2873 393 2914 nequissimus
432 2876 481 2912 01,
510 2874 719 2916 postposita,
756 2873 992 2909 verecundia,
1027 2883 1098 2914 quo
1139 2874 1303 2906 animum
1343 2884 1450 2907 suum
1486 2875 1763 2916 iniquissimum

142 2929 286 2962 cunctis
318 2930 560 2972 patefaceret,
591 2930 627 2963 iu
663 2929 788 2972 ignom
822 2927 968 2971 publici¹
1001 2930 1038 2962 01
1069 2929 1216 2962 cincrcs
1248 2929 1393 2963 urinam
1423 2930 1595 2972 projecit.
1625 2930 1763 2965 Vidcns
