2096 3481
284 279 345 312 188
982 269 1118 304 ANNO
1144 270 1227 304 1523

283 398 377 426 mus,
397 386 543 425 invasit,
560 395 605 419 ne
629 387 666 418 in
685 393 776 427 agro
795 383 982 416 dominico
1012 382 1152 415 zizania
1182 382 1251 415 hcc
1275 381 1387 413 latius
1407 382 1545 422 serpat,
1564 381 1662 413 viam
1688 380 1910 422 precludere

284 453 326 476 ac
343 444 442 484 ipsos
460 442 659 479 hereticos,
678 440 845 472 fautores
878 439 915 470 et
940 438 1166 470 adherentes
1195 437 1330 469 debitis
1347 436 1454 477 penis
1482 436 1628 477 punire,
1655 435 1782 468 habita
1797 445 1910 478 super

283 499 500 531 hismatura
523 495 795 529 deliberatione
820 494 865 526 ad
883 493 1099 534 hujusmodi
1128 491 1450 525 exterminandam
1481 491 1687 528 hereticam
1711 492 1749 524 et
1778 491 1910 525 falsam

284 552 421 595 prefati
435 551 587 584 Martini
606 550 833 589 doctrinam3

327 607 391 643 Te,
411 607 486 647 qui,
503 606 590 638 licet
608 603 775 637 clericali
795 603 931 641 ordini,
951 604 1063 644 prout
1081 603 1177 635 sacri
1197 611 1359 635 canones
1383 601 1453 634 hoc
1471 611 1558 634 casu
1575 602 1770 642 requirere
1788 601 1912 635 viden-

282 663 355 699 tur,
375 662 558 702 ascriptus
577 669 648 692 non
668 659 730 697 515,
750 668 816 691 seu
841 657 897 690 illi
915 658 1038 689 ordini
1061 658 1329 698 asscriptorum
1346 656 1555 698 privilegiis
1574 666 1647 689 non
1672 657 1849 698 gaudeas
1868 665 1914 689 ea

283 718 407 750 tamen
421 716 619 757 religione.
637 714 818 751 doctrina,
852 713 1053 754 prudentia
1070 714 1107 744 ct
1134 721 1260 744 rerum
1293 712 1527 753 experientia
1544 713 1581 744 et
1597 711 1711 754 (quod
1728 712 1765 744 in
1784 711 1854 744 hac
1869 720 1912 744 re

284 771 510 814 principium
524 769 593 808 est)
606 779 649 802 eo
675 770 806 801 domus
826 768 895 800 Dei
927 767 1005 800 zelo
1024 767 1144 805 nobis,
1164 768 1251 799 dum
1268 767 1306 799 in
1324 767 1531 799 minoribus
1554 775 1733 805 essemuS,
1763 766 1913 799 notissi-

285 836 368 859 mus
381 827 418 859 et
434 825 756 867 compertissimus
773 823 944 865 preditus
958 831 1010 861 es,
1025 823 1066 854 ut
1079 831 1153 854 non
1171 821 1291 854 solum
1319 823 1357 854 in
1382 822 1539 863 negocio
1557 821 1640 860 hoc,
1654 821 1719 854 ubi
1744 821 1790 853 ob
1815 830 1915 854 erro-

285 891 369 915 rum
386 882 423 914 et
439 881 615 913 heresum
638 878 855 921 huJ'usmodi
878 877 1165 910 crassitudinem
1183 877 1293 917 atque
1321 877 1559 915 evidentiam,
1578 876 1702 918 potius
1720 876 1765 909 de
1782 885 1914 909 execu-

287 937 389 969 tione
403 945 513 977 quam
530 935 576 968 de
592 934 810 976 cognitione
827 932 1015 975 agencium
1038 932 1198 970 videtur,
1217 932 1284 964 sed
1300 932 1413 964 etiam
1437 931 1502 964 ubi
1519 932 1564 964 de
1581 931 1701 964 acutis
1718 931 1757 964 et
1773 931 1917 964 subtili-

286 992 355 1025 bus
373 1000 478 1024 sacre
495 989 689 1032 theologie
714 987 974 1029 questionibus
1005 987 1195 1035 ageretur,
1229 987 1370 1028 optima
1387 996 1428 1019 ac
1444 986 1745 1028 prestantissima
1768 996 1916 1028 queque

289 1047 412 1079 officia
428 1046 493 1079 abs
510 1046 546 1078 te
560 1043 752 1086 expectari
768 1043 944 1085 possent3
963 1043 1067 1074 motu
1083 1041 1238 1083 proprio
1256 1042 1294 1074 et
1306 1042 1410 1074 certa
1422 1041 1579 1074 scientia
1592 1051 1634 1074 ac
1650 1041 1696 1074 de
1712 1040 1918 1083 apostolic-e

287 1101 486 1144 potestatis
513 1099 749 1141 plenitudine
765 1098 1021 1139 predictorum
1039 1097 1076 1129 et
1093 1096 1253 1129 aliorum
1270 1096 1359 1128 dicti
1377 1096 1531 1129 Martini
1555 1097 1711 1138 ejusque
1727 1097 1918 1130 fautorum

289 1157 327 1189 et
355 1155 617 1188 adherentium
643 1153 900 1194 predictorum
918 1160 1090 1184 errorum
1118 1151 1376 1183 damnatorum
1392 1152 1429 1183 et
1445 1150 1712 1190 hereticorum,
1726 1151 1766 1184 in
1783 1151 1919 1184 ducatu

292 1211 509 1248 Brabantie‚
551 1208 790 1241 comitatibus
826 1206 1017 1245 Flandrie,
1055 1205 1268 1244 Hollandie,
1304 1205 1493 1245 Zelandie‚
1530 1206 1742 1245 Hannonie,
1781 1206 1922 1239 Artesii

292 1266 542 1305 omnibusque
570 1265 607 1296 et
635 1262 796 1305 singulis
829 1262 912 1294 aliis
938 1261 1126 1299 dominiis,
1156 1261 1269 1293 terris
1297 1270 1340 1293 ac
1370 1260 1463 1293 Iocis
1487 1261 1680 1293 carissimo
1704 1261 1743 1293 in
1772 1261 1921 1294 Christo

290 1321 368 1353 filio
383 1321 511 1353 nostro
544 1318 690 1356 Carolo,
709 1318 969 1350 Romanorum
993 1317 1030 1349 et
1049 1316 1304 1357 Hispanorum
1330 1316 1416 1358 regi
1439 1315 1637 1354 catholico,
1656 1316 1695 1348 in
1726 1316 1924 1357 imperato-

290 1385 372 1409 rem
386 1375 519 1413 electo,
544 1374 583 1406 in
600 1373 771 1415 partibus
799 1371 997 1405 Inferioris
1023 1370 1220 1404 Alemanie
1242 1371 1405 1403 mediate
1421 1370 1479 1404 vel
1497 1371 1713 1404 immediate
1731 1371 1921 1413 subjectis,

291 1429 543 1464 universalem
560 1429 597 1461 et
614 1427 831 1470 generalem
847 1427 1113 1468 inquisitorem
1129 1427 1168 1458 et
1193 1426 1504 1468 investigatorem
1521 1435 1606 1458 cum
1621 1426 1734 1468 plena
1751 1435 1793 1459 ac
1806 1426 1923 1459 omni-

291 1487 402 1519 modo
416 1485 602 1527 potestate
616 1485 653 1516 et
671 1483 895 1516 auctoritate
913 1481 1038 1514 omnia
1055 1482 1092 1513 et
1109 1481 1270 1523 singula,
1289 1490 1361 1522 que
1375 1481 1421 1513 ad
1433 1481 1700 1522 inquisitorum
1717 1481 1924 1514 ordinario-

293 1551 377 1574 rum
395 1542 432 1574 et
449 1539 744 1582 apostolicorum
762 1537 926 1570 officium
946 1537 991 1569 de
1007 1536 1211 1578 jurejuxta
1233 1537 1383 1577 patrum
1397 1545 1438 1568 ac
1455 1537 1671 1569 nostrorum
1686 1537 1926 1577 predecesso-

293 1606 377 1629 rum
390 1596 649 1628 Romanorum
667 1593 887 1635 pontificum
904 1591 1101 1624 canonicas
1129 1591 1340 1623 sanctiones
1358 1591 1396 1624 et
1412 1591 1457 1624 de
1482 1591 1752 1624 consuetudine
1777 1601 1926 1633 quomo-

295 1651 437 1684 dolibet
454 1649 663 1691 spectantia
679 1649 717 1681 et
734 1647 965 1689 pertinentia
976 1646 1133 1688 gerendi
1148 1647 1186 1678 et
1200 1646 1411 1686 exequendi
1424 1655 1466 1679 ac
1478 1646 1668 1688 predictos
1682 1647 1719 1679 et
1732 1655 1926 1687 quoscum-

294 1716 366 1748 que
384 1706 477 1738 alios
494 1704 695 1742 hereticos,
714 1704 882 1735 fautores
900 1703 937 1734 et
957 1701 1183 1734 adherentes
1199 1701 1306 1742 juxta
1323 1710 1454 1733 eorum
1479 1701 1662 1734 demerita
1679 1702 1814 1734 debitis
1838 1710 1881 1734 ac
1904 1711 1926 1734 a

291 1763 375 1803 jure
394 1760 543 1793 statutis
560 1759 667 1800 penis
685 1757 887 1799 plectendi,
907 1756 1089 1797 puniendi
1107 1756 1144 1788 et
1168 1756 1397 1798 corrigendi,
1417 1757 1483 1798 (ita
1507 1758 1631 1789 tamen
1656 1757 1756 1797 quod
1783 1757 1924 1797 absque

295 1826 370 1849 una
384 1815 443 1848 vel
459 1815 600 1847 duabus
618 1814 656 1845 in
671 1813 854 1855 dignitate
872 1811 1141 1849 ecclesiastico,
1161 1811 1365 1843 constituta
1376 1810 1435 1843 vel
1452 1811 1667 1843 constitutis
1685 1821 1750 1844 seu
1766 1812 1806 1844 in
1819 1820 1926 1844 sacra

295 1867 487 1909 theologia
501 1867 685 1909 graduata
701 1864 759 1897 vel
774 1863 967 1906 graduatis
980 1863 1165 1904 personis,
1182 1872 1292 1904 quam
1306 1863 1364 1895 vel
1383 1872 1474 1903 quas
1489 1863 1534 1895 ad
1548 1863 1790 1905 infrascripta
1803 1864 1929 1897 omnia

295 1932 379 1955 cum
403 1922 516 1963 plena
542 1921 729 1962 potestate
755 1920 792 1952 et
821 1918 1045 1951 auctoritate
1062 1918 1352 1958 inquisitoribus
1379 1918 1547 1950 heretice
1578 1918 1775 1959 pravitatis
1801 1918 1930 1960 huJus-

296 1978 398 2010 modi
429 1978 485 2018 (ut
514 1975 720 2017 prefertur)
745 1973 946 2011 concessis,
977 1973 1202 2005 auctoritate
1230 1974 1360 2005 nostra
1391 1973 1595 2014 deputandi
1617 1972 1835 2006 facultatem
1861 1982 1930 2015 per

295 2033 490 2074 presentes
518 2031 587 2063 tibi
610 2029 871 2071 impartimur3
899 2029 936 2060 et
953 2027 1087 2068 quibus
1105 2028 1146 2059 ut
1178 2036 1199 2059 a
1216 2028 1253 2060 te
1269 2027 1443 2068 requisiti
1462 2037 1556 2060 onus
1573 2027 1789 2069 hujusmodi
1817 2028 1931 2060 susci-

295 2087 412 2128 piant,
430 2086 469 2118 in
485 2086 626 2118 virtute
640 2085 770 2117 sancte
789 2082 1004 2115 obedientie
1017 2091 1086 2123 per
1103 2082 1253 2114 easdem
1266 2082 1519 2124 injungimus3
1535 2083 1667 2114 contra
1682 2082 1840 2115 clericos
1856 2092 1930 2115 non

296 2141 479 2184 procedas
492 2141 530 2173 et
547 2149 568 2173 a
579 2138 846 2172 fulminatione
863 2145 1107 2170 censurarum
1124 2138 1162 2169 et
1177 2145 1359 2178 penarum
1377 2136 1731 2176 ecclesiasticarum,
1758 2146 1830 2178 que
1846 2146 1929 2178 per-

297 2205 388 2229 sone
419 2196 458 2228 in
487 2194 671 2237 dignitate
699 2192 956 2226 ecclesiastica
993 2191 1197 2224 constitute
1229 2200 1294 2223 seu
1322 2191 1360 2223 in
1389 2199 1496 2224 sacra
1528 2190 1724 2234 theologia
1746 2192 1929 2234 graduate

299 2250 515 2292 hujusmodi
526 2250 665 2289 absque
680 2249 716 2280 te
729 2248 856 2280 facere
873 2246 1048 2285 habeant,
1064 2245 1279 2286 abstineas),
1296 2245 1469 2278 duximus
1483 2245 1690 2287 apostoliea
1706 2246 1932 2279 auctoritate

300 2305 554 2347 deputandum
572 2305 608 2336 et
625 2301 931 2335 constituendum
948 2302 1061 2342 prout
1084 2300 1218 2333 harum
1234 2300 1332 2333 serie
1350 2300 1613 2333 constituimus
1631 2301 1669 2333 et
1697 2301 1930 2342 deputamus

342 2360 391 2393 Et
403 2361 443 2392 ut
461 2359 625 2391 officium
642 2356 900 2398 inquisitionis
918 2356 987 2388 tibi
1005 2357 1042 2388 et
1059 2355 1217 2396 prefatis
1233 2355 1406 2396 personis
1423 2355 1461 2387 in
1479 2355 1663 2397 dignitate
1681 2355 1936 2388 ecclesiastica

300 2414 514 2447 constitutis
544 2423 610 2445 seu
633 2413 672 2444 in
697 2420 805 2444 sacra
824 2410 1019 2452 theologia
1036 2410 1229 2452 graduatis
1247 2419 1268 2442 a
1285 2411 1320 2442 tc
1338 2410 1393 2451 (ut
1416 2409 1621 2452 prefertur)
1640 2410 1862 2452 deputandis
1878 2411 1933 2443 in-

299 2470 470 2511 junctum
486 2467 703 2509 hujusmodi
729 2468 768 2498 tu
798 2467 835 2498 et
853 2465 909 2497 illi
923 2465 1077 2506 possitis
1095 2465 1277 2497 efficatius
1304 2464 1522 2505 adimplere,
1537 2465 1643 2497 vobis
1659 2474 1728 2506 per
1739 2466 1935 2512 presentes

303 2524 572 2556 committimus
587 2524 624 2554 et
646 2522 880 2559 mandamus,
899 2521 1084 2561 quatenus
1101 2520 1240 2560 ubique
1257 2519 1425 2551 locorum
1450 2519 1487 2551 in
1513 2520 1662 2558 ducatu,
1682 2520 1934 2559 comitatibus,

304 2579 480 2611 dominiis
498 2579 536 2610 et
548 2577 641 2609 locis
672 2576 853 2618 predictis
871 2574 982 2607 simul
1001 2574 1058 2607 vel
1076 2575 1290 2616 separatim,
1316 2576 1429 2615 prout
1441 2583 1689 2615 personarum
1706 2575 1744 2608 et
1767 2576 1938 2617 negocio-

303 2643 387 2666 rum
404 2633 564 2674 qualitas
578 2632 718 2674 exiget,
748 2632 880 2663 contra
898 2630 1017 2662 dictos
1030 2629 1219 2662 hereticos
1233 2638 1275 2661 ac
1288 2638 1419 2662 eorum
1432 2630 1704 2670 receptatores,
1718 2630 1887 2663 fautores
1901 2631 1939 2663 et

306 2689 524 2720 defensores
538 2696 683 2719 necnon
701 2686 833 2718 contra
855 2685 1056 2717 infamatos
1084 2685 1128 2717 dc
1142 2684 1268 2716 heresi
1299 2683 1357 2716 vel
1376 2685 1583 2725 suspectos,
1602 2684 1750 2717 etiamsi
1765 2685 1805 2717 in
1823 2685 1940 2727 digni-

305 2744 381 2775 tate
399 2741 653 2774 ecclesiastica
665 2741 729 2773 aut
744 2740 939 2782 prelature
956 2740 1057 2771 infra
1074 2740 1200 2771 tamen
1224 2738 1481 2780 pontificalem
1499 2739 1575 2770 sint
1599 2739 1807 2778 constituti,
1826 2740 1939 2772 etiam

307 2806 425 2837 usque
439 2797 484 2829 ad
501 2796 811 2838 degradationem
837 2795 873 2836 (a
890 2804 963 2835 qua
980 2797 1105 2827 tamen
1120 2793 1343 2826 desimilitcr
1360 2793 1552 2826 abstinere
1570 2793 1722 2826 omnino
1739 2793 1937 2834 volumus),

308 2852 416 2893 juxta
437 2852 603 2893 prefatas
631 2851 830 2883 canonicas
862 2849 1076 2882 sanctiones
1108 2848 1324 2890 hujUsmodi
1355 2849 1458 2880 metu
1486 2849 1695 2890 postposito
1733 2848 1941 2890 procedere

312 2906 490 2944 debeatis,
510 2906 682 2938 invocato
715 2905 828 2938 etiam
857 2905 903 2937 ad
927 2904 998 2936 hoc
1026 2905 1064 2936 et
1092 2903 1166 2936 alia
1195 2903 1391 2944 premissa,
1423 2903 1454 2935 si
1479 2912 1572 2944 opus
1598 2903 1728 2942 fuerit,
1759 2903 1941 2936 auxilium

309 2960 440 2995 brachi
454 2960 645 2994 secularis.
661 2960 710 2994 Et
727 2960 904 3001 quoniam
924 2960 1189 3002 episcoporum
1207 2966 1384 2991 numerus
1402 2958 1448 2991 ad
1465 2958 1773 3002 degradationem
1789 2957 1942 2992 clerico-
