2096 3481
393 208 455 241 498
1075 204 1208 238 ANNO
1235 204 1317 236 1525

1138 341 1253 384 383.

464 475 600 520 1525,
629 466 906 525 (Seplember
930 465 1016 521 15),
1043 470 1077 510 ’s
1098 468 1422 525 Gravenlzaqe.
1440 466 1679 509 Uittreksel
1698 465 1758 508 uit
1775 466 1848 509 het
1869 467 2003 510 Cata-

393 543 520 597 loyus
538 541 836 583 hereticorum
853 539 1021 596 (1526),
1039 553 1142 582 over
1158 539 1234 582 het
1246 539 1516 582 verbranden
1530 552 1614 581 van
1627 539 1708 582 den
1720 539 1999 582 ketterschen

395 610 578 664 priester
603 609 684 652 Jan
707 622 789 651 van
815 607 1053 652 Woerden.

435 701 600 734 Joannos
629 701 673 733 de
700 699 882 736 Wurden,
911 699 1086 732 sacerdos
1111 698 1304 737 secularis,
1330 699 1430 732 totus
1453 697 1668 741 Wycleffita
1691 699 1730 732 et
1752 698 2005 741 Lutheranus‚

395 756 536 788 errauit
571 756 840 787 contumaciter
870 755 908 786 in
940 753 1068 786 multis
1108 753 1276 786 articulis
1315 754 1403 786 fidei
1441 754 1602 786 maxime
1639 753 1739 786 circa
1776 754 2008 787 sacramenta

396 810 631 843 Eucharistio
659 811 696 842 et
723 809 948 849 matrimoni]
979 811 1016 841 et
1044 809 1186 841 ordinis
1215 810 1253 841 et
1280 810 1446 842 extreme
1469 808 1654 842 vnctionis
1682 809 1720 841 et
1742 808 1843 841 circa
1865 809 2009 841 confes-

395 866 511 902 sione,
542 867 578 897 et
611 874 750 906 negans
781 864 1054 906 purgatorium.
1085 863 1156 895 Hic
1187 863 1407 895 conuinetus
1436 864 1474 896 et
1500 864 1693 896 confessus
1720 863 1905 895 iudicatus
1935 863 2008 896 fuit

394 929 461 961 per
488 919 693 952 secularem
722 920 946 960 potestatem
974 917 1204 950 iudicialiter
1230 918 1268 950 in
1297 917 1406 960 Haga
1433 917 1587 950 Comitis
1614 918 1767 950 ciuitate
1792 917 2008 951 Hollandie.

394 975 440 1008 Et
457 975 494 1007 in
513 976 644 1007 octaua
661 974 867 1006 natiuitatis
884 973 1042 1015 virginis
1060 972 1179 1006 Marie
1197 981 1293 1005 anno
1312 973 1462 1005 Domini
1479 972 1562 1005 1525
1579 972 1659 1015 igni
1675 972 1834 1004 traditus
1852 973 1920 1006 est.

740 1050 782 1083 B.
801 1049 1097 1091 Lutzenburgus,
1119 1048 1315 1091 Cataloyus
1338 1047 1594 1087 hereticorum,
1620 1049 1705 1088 etc„
1724 1049 1878 1090 quartus
1894 1047 2005 1088 liber,

783 1105 937 1138 secundi
954 1105 992 1138 et
1008 1104 1107 1146 tertij
1126 1103 1375 1146 suppletiuus.

1143 1241 1263 1286 384.

467 1377 603 1423 1525,
631 1371 898 1427 September
925 1375 1000 1423 15,
1031 1372 1067 1413 's
1095 1369 1419 1427 Gravenhaye.
1448 1366 1687 1410 Uittreksel
1710 1367 1772 1410 uit
1793 1367 1845 1410 de
1872 1367 2019 1411 Chr-o-.

395 1444 538 1499 nyeke
578 1457 668 1487 van
711 1445 989 1499 Antwerpen
1029 1439 1143 1499 (16⁰0
1185 1442 1328 1496 eeuw)
1367 1454 1470 1484 over
1502 1441 1553 1483 de
1590 1439 1884 1497 verbranding
1920 1454 2005 1485 van

398 1512 611 1555 Pistorius
629 1512 795 1555 aldaar.

439 1603 545 1635 Anno
579 1602 673 1640 1525,
708 1602 777 1634 den
812 1601 852 1633 15
884 1601 1115 1643 September,
1149 1611 1213 1634 soo
1245 1602 1365 1634 werdt
1395 1601 1431 1633 in
1463 1601 1535 1634 den
1563 1600 1670 1644 Hage
1701 1601 1905 1635 verbrandt
1935 1601 2008 1635 den

397 1657 598 1699 prochiaen
617 1667 686 1689 van
703 1657 894 1690 KVoerden
912 1658 959 1699 by
976 1657 1195 1700 Vuytrecht,
1215 1666 1274 1688 om
1291 1657 1429 1698 synder
1446 1657 1571 1698 opinie
1588 1656 1701 1689 wille.

748 1732 958 1776 Chronycke
982 1744 1054 1767 van
1079 1734 1308 1777 Antwerpcn,
1335 1732 1404 1765 b1z.
1427 1732 1481 1765 25.
1498 1751 1541 1756 —
1564 1720 1843 1774 Gelijkluidend
1865 1732 2014 1766 bericht

786 1788 824 1820 in
841 1787 867 1820 ’t
883 1786 1119 1832 Antwerpsch
1138 1787 1377 1832 ChronyckJ‘e.

1146 1926 1264 1970 385.

471 2070 607 2116 1525,
630 2064 896 2121 September
919 2068 992 2116 19,
1015 2063 1332 2108 Amsterdam.
1355 2060 1667 2105 Uittrekseluit
1679 2060 1731 2104 de
1745 2059 2013 2115 rekeningen

399 2149 483 2178 van
510 2136 583 2179 het
609 2136 698 2178 Hof
716 2150 797 2179 van
816 2136 1000 2178 Holland
1025 2149 1127 2178 over
1144 2136 1194 2178 de
1215 2135 1298 2178 reis
1316 2148 1397 2178 van
1418 2147 1553 2178 eenen
1571 2133 1679 2177 bode
1697 2147 1804 2177 naar
1818 2135 2014 2178 Amster-

401 2204 512 2254 dam,
533 2218 599 2246 om
618 2204 696 2246 den
719 2204 871 2247 schout
888 2204 1014 2246 dezer·
1031 2204 1125 2247 stad
1145 2204 1198 2262 bij
1220 2203 1362 2246 brieve
1382 2208 1424 2246 te
1444 2203 1683 2246 verzoeken
1703 2201 2010 2245 vei-scheidene

401 2272 566 2316 ketters
591 2286 671 2315 aan
697 2277 739 2315 te
758 2273 946 2316 houden.

443 2365 512 2398 Jan
545 2365 757 2408 Rutgersz.‚
790 2374 1010 2408 gezwoeren
1041 2365 1160 2399 boede
1199 2365 1344 2399 vanden
1374 2365 1505 2398 voirss.
1539 2364 1657 2403 Hove,
1692 2364 1752 2397 die
1783 2363 1877 2397 deur
1906 2359 2014 2396 bevel

401 2421 546 2453 vanden
562 2421 693 2453 voirss.
719 2420 823 2453 Hove
846 2421 914 2453 mit
938 2421 1072 2454 zekere
1088 2420 1258 2454 besloten
1281 2421 1435 2454 brieven
1451 2421 1596 2454 vanden
1614 2427 1822 2462 procureur
1837 2416 2015 2461 generael

403 2476 554 2517 gereyst
577 2475 608 2508 is
632 2475 771 2508 binnen
796 2476 863 2508 der
886 2476 992 2508 stede
1016 2484 1086 2508 van
1109 2476 1347 2509 Amsterdam
1371 2475 1492 2509 auden
1516 2474 1650 2508 schout
1671 2473 1812 2514 aldaer,
1829 2471 2015 2506 roerende

403 2530 466 2562 dat
483 2531 541 2562 die
559 2529 658 2563 selve
676 2530 809 2563 schout
825 2530 1161 2572 apprenhenderen
1180 2531 1275 2564 ende
1290 2539 1436 2573 vangen
1454 2530 1570 2564 soude
1586 2529 1720 2562 zekere
1736 2527 2014 2567 Lutherianen3

403 2585 483 2617 voir
506 2585 648 2618 welcke
671 2594 806 2627 reysen
830 2585 1054 2627 mitsgaders
1078 2586 1433 2628 dextraordinaryse
1458 2585 1635 2618 oneosten
1659 2585 1731 2617 den
1755 2583 1881 2617 selven
1896 2581 2016 2615 boede

402 2640 526 2681 bijaerlen
559 2640 684 2673 selven
713 2640 818 2673 Hove
846 2642 1106 2682 toegetaxeert
1133 2641 1204 2682 zijn
1232 2650 1291 2674 zes
1320 2641 1480 2683 daghen‚
1505 2641 1561 2672 tot
1587 2649 1646 2672 zes
1674 2640 1818 2672 stuvers
1847 2636 2016 2674 sdaeth,

405 2695 464 2726 die
491 2694 575 2727 hem
600 2695 646 2735 bij
674 2695 786 2727 desen
812 2696 1012 2737 ontfanger
1034 2695 1175 2728 betaelt
1198 2696 1282 2737 ziJn,
1305 2695 1518 2737 blijckende
1540 2694 1640 2736 bijde
1665 2693 1914 2726 ordonnancie
1934 2691 2018 2724 hier

406 2749 662 2792 overgeievert
675 2750 712 2782 in
731 2750 814 2783 date
832 2750 902 2783 den
918 2750 1019 2782 xixeu
1037 2750 1266 2792 Septembris
1283 2759 1379 2783 anno
1392 2760 1484 2792 xxv3
1498 2758 1723 2782 waeromme
1739 2748 1822 2782 hier
1837 2746 1952 2781 xxxvi
1963 2755 2015 2779 sc.

748 2826 1005 2868 Rijksarchief
1031 2828 1068 2860 te
1096 2826 1124 2860 ’s
1152 2827 1412 2872 Gravenhage,
1440 2827 1496 2862 θαι
1527 2825 1718 2871 Rekeninq
1743 2835 1818 2860 van
1843 2823 1917 2859 den
1942 2827 2018 2858 ont-

793 2891 932 2926 vanyer
948 2880 1015 2917 der
1029 2881 1226 2926 exploiten.
