2096 3481
820 206 958 240 ANNo
990 205 1071 238 1523
1725 203 1767 233 ,ἓν

120 319 329 364 hoorders
369 318 668 363 verzoekende
711 318 787 361 dat
824 317 876 374 zij
923 316 1015 360 God
1052 329 1155 358 voor
1175 317 1274 359 hem
1304 316 1468 359 zouden
1503 313 1676 359 bidden.
1708 338 1763 344 —

119 391 216 434 Van
236 389 298 432 dit
317 389 536 446 gebeurde
558 388 680 433 werd
703 401 809 430 eene
834 385 1070 428 notarieele
1093 390 1189 428 acte
1214 385 1456 442 gevorderd
1481 385 1588 427 door
1613 383 1764 426 Hiero-

120 473 276 516 nymus
325 459 561 509 Aleander‚
611 455 931 513 apostolischen
970 456 1166 507 nuntius,
1214 469 1320 498 voor
1361 454 1443 496 den
1498 467 1621 510 paus,
1662 452 1768 495 door

119 528 414 585 Hieronymus
439 528 618 571 Vander
635 529 764 578 Noot,
788 528 1009 571 kanselier
1027 541 1111 571 van
1137 525 1346 575 Brabant,
1375 537 1480 565 voor
1498 523 1579 565 den
1600 521 1764 572 keizer,

120 598 226 640 door
250 596 451 653 bisschop
469 597 662 640 Adriaan
697 595 934 650 Herbouts‚
966 596 1216 653 suffragaan
1258 608 1342 637 van
1379 592 1624 649 Kamerijk,
1662 591 1768 633 door

122 669 320 711 Roverus
337 666 507 722 Stoops‚
532 666 676 723 zijnen
700 665 899 718 officiaal‚
924 681 977 709 en
1002 667 1108 710 door
1131 666 1182 708 de
1205 663 1443 708 vicarissen
1469 675 1552 704 van
1579 659 1766 704 denzelf-

120 736 204 779 den
241 734 459 791 bisschop,
495 735 610 778 allen
659 735 902 792 aanwezig.
952 736 1029 779 Als
1061 735 1268 793 getuigen
1318 731 1475 775 traden
1514 729 1595 773 ook
1634 743 1687 785 op
1724 729 1765 772 al

120 806 335 862 degenen‚
371 819 455 848 aan
486 805 570 848 wie
602 804 708 848 door
740 805 822 848 den
848 804 1048 862 bisschop
1087 818 1169 847 van
1203 801 1431 859 Kamerijk
1469 799 1516 843 of
1543 799 1650 842 door
1682 798 1764 840 den

119 875 266 918 keizer
288 874 340 918 de
363 874 526 930 leiding
550 888 632 917 van
657 875 732 918 het
774 875 1088 931 kettergeding
1113 877 1243 930 tegen
1279 872 1464 915 broeder
1486 869 1618 914 Jacob
1645 868 1765 912 werd

119 944 416 1002 opgedragen,
470 943 678 1002 namelijk
713 944 937 1002 Lodewijk
972 943 1155 988 Coronel
1196 956 1249 985 en
1283 942 1366 986 Jan
1390 940 1627 991 Quintana,
1669 951 1766 994 pro·

118 1013 280 1057 fessors
303 1013 347 1057 in
372 1013 423 1056 de
441 1013 822 1070 godgeleerdheid,
849 1015 934 1057 Jan
957 1013 1158 1072 Glapion,
1184 1011 1466 1055 biechtvader
1483 1009 1560 1053 des
1578 1008 1763 1057 keizers,

119 1083 318 1127 Nicolaas
338 1096 421 1126 van
441 1083 636 1139 Egmond
657 1098 709 1127 en
732 1083 865 1128 Jacob
884 1083 1137 1133 Lathomus,
1161 1082 1333 1126 doctors
1351 1081 1393 1124 in
1413 1079 1466 1122 de
1486 1077 1768 1136 godgeleerd-

119 1152 398 1205 heid‚Frans
432 1153 610 1197 Vander
628 1154 772 1205 Hulst,
815 1153 1040 1197 licentiaat
1083 1154 1124 1196 in
1161 1152 1213 1195 de
1245 1150 1369 1194 beide
1403 1150 1586 1194 rechten
1621 1163 1675 1192 en
1711 1147 1766 1190 lid

118 1235 204 1265 van
238 1222 320 1265 den
346 1222 467 1266 Raad
492 1236 575 1266 van
602 1222 811 1275 Brabant,
850 1237 902 1266 en
929 1237 1047 1266 meer
1070 1222 1279 1266 anderen.

121 1337 462 1374 Anathematisatio
492 1345 523 1373 et
550 1341 733 1373 revocatio
758 1341 892 1384 fratris
914 1339 1045 1374 Jacobz·
1070 1339 1296 1383 Praepositi,
1324 1337 1414 1371 olim
1438 1337 1578 1381 prioris
1603 1335 1770 1377 fratrum

415 1394 684 1429 heremitarum
701 1395 825 1429 Sancti
841 1396 1046 1439 Auytcstini
1063 1394 1167 1439 opidi
1188 1394 1476 1438 Ancum-Inensis.

886 1497 1013 1538 (jopia.

166 1581 209 1614 In
224 1582 374 1614 nomine
394 1582 587 1614 individue
606 1581 806 1613 Trinitatis
833 1591 955 1614 amen.

167 1638 242 1670 Per
270 1637 341 1669 hoc
370 1646 526 1678 presens
554 1636 746 1678 publicum
774 1637 1068 1669 instrumentum
1097 1638 1244 1669 cunetis
1273 1642 1399 1677 pateat
1431 1636 1626 1668 evidenter
1659 1640 1696 1667 et
1725 1635 1773 1666 sit

123 1691 265 1730 notum,
285 1692 385 1733 quod
403 1702 500 1725 anno
519 1701 540 1724 a
557 1692 752 1724 nativitate
773 1693 923 1724 Domini
942 1692 1144 1724 millesimo
1163 1692 1468 1734 quingentesimo
1488 1700 1578 1726 xxn.
1599 1691 1659 1722 die
1676 1700 1774 1722 nona

123 1749 262 1782 mensis
276 1748 488 1783 Februarii.
504 1748 711 1780 indictione
737 1758 772 1785 x,
793 1749 1036 1789 pontificatus
1061 1748 1289 1780 sanctissimi
1315 1748 1456 1779 domini
1485 1747 1604 1778 nostri
1631 1746 1772 1778 domini

123 1804 233 1837 electi
251 1813 346 1845 pape
365 1804 410 1835 de
428 1804 535 1844 cujiis
555 1803 705 1835 nominc
724 1803 932 1844 pontitieali
952 1803 1074 1835 adhuc
1100 1804 1208 1836 nobis
1235 1813 1308 1835 non
1334 1804 1480 1835 constat
1508 1811 1605 1834 anno
1633 1802 1768 1842 primo.

124 1859 235 1902 paulo
268 1862 354 1901 post
385 1859 568 1891 decimani
598 1858 742 1897 horum,
778 1860 864 1891 ante
901 1859 1112 1894 meridiem,
1143 1859 1203 1891 die
1240 1859 1440 1895 dominica,
1482 1867 1628 1890 summa
1659 1858 1774 1889 missa

125 1916 162 1947 in
196 1914 355 1948 solemni
392 1914 553 1947 ecclesia
588 1914 791 1956 collegiata
823 1915 933 1947 beate
966 1914 1114 1947 Gudule
1153 1915 1314 1956 insignis
1348 1914 1475 1956 oppidi
1511 1912 1773 1945 Bruxeliensis

125 1970 407 2004 Cameracensis
436 1970 596 2002 diocesis
625 1969 828 2005 celebrata.
860 1970 999 2002 ibidem
1030 1973 1067 2002 et
1096 1970 1196 2002 intra
1229 1971 1371 2011 scripto
1402 1970 1500 2001 actui
1536 1968 1771 2002 solemniter.

125 2026 406 2068 presidentibus
434 2026 653 2058 reverendis
683 2035 724 2058 ac
758 2026 971 2067 magnificis
1001 2026 1092 2058 viris
1122 2026 1285 2057 dominis
1312 2025 1538 2058 Jlieronimo
1569 2023 1772 2058 Aleandro.

126 2081 427 2124 prothonotario,
449 2081 580 2113 nuntio
599 2084 633 2113 et
653 2081 913 2113 commissario
933 2081 1169 2122 appostolico
1197 2082 1242 2113 ad
1268 2082 1367 2113 infra
1391 2081 1533 2122 scripta
1558 2079 1777 2121 specialiter

127 2137 319 2179 deputato,
347 2145 389 2169 ac
414 2136 565 2168 domino
593 2136 817 2169 Hieronimo
837 2145 906 2169 van
926 2137 993 2169 der
1011 2137 1123 2171 Noot.
1143 2136 1371 2169 cancellario
1391 2137 1547 2168 ducatus
1568 2135 1775 2167 Hrabancic

127 2195 166 2225 et
193 2194 352 2225 Cesaree
382 2201 422 2224 ac
452 2191 638 2224 catholice
668 2192 878 2231 majestatis
904 2192 1016 2224 etiam
1043 2192 1081 2224 in
1107 2192 1177 2224 hac
1203 2194 1310 2233 parte
1336 2191 1610 2224 cmnmissurio.
1633 2200 1777 2222 necnon

127 2248 336 2281 reverendo
367 2247 402 2279 in
433 2248 555 2279 cristo
575 2249 681 2288 patre
700 2247 852 2279 domino
882 2256 922 2279 ae
953 2247 1135 2289 magistro
1166 2247 1332 2279 Adriano
1364 2247 1567 2281 Hcrbonts.
1599 2246 1777 2286 episeopo

126 2303 302 2341 Rosensi,
318 2311 423 2335 sacre
442 2301 634 2344 theologie
649 2305 929 2343 protessorc,:1e
948 2302 1256 2335 reverendissimi
1271 2303 1412 2335 domini
1429 2302 1586 2335 Roberti
1605 2302 1648 2333 de
1665 2303 1776 2342 (frey.

129 2358 447 2391 administratoris
483 2358 724 2399 episcopatus
758 2358 1041 2390 (faineraeensis
1078 2358 1332 2400 suffraganeo.
1368 2367 1408 2389 ae
1442 2358 1554 2390 etiam
1594 2358 1775 2399 magistro

130 2414 280 2446 Rovero
299 2415 446 2454 Stoops.
468 2413 628 2445 officiale
647 2413 808 2454 predicti
826 2413 1134 2446 reverendissimi
1155 2413 1296 2444 domini
1316 2413 1635 2445 administratoris
1656 2414 1691 2444 in
1711 2423 1778 2444 sua

130 2469 235 2501 curia
253 2469 514 2501 cameracensi
535 2468 725 2501 Bruxellis
742 2468 960 2506 residentis,
981 2478 1021 2500 ae
1037 2468 1189 2500 domino
1209 2468 1426 2500 Marbriano
1446 2468 1490 2499 de
1510 2471 1614 2502 Orto.
1635 2468 1776 2500 ‹levam›

132 2523 353 2559 Nix-ellensi.
382 2533 456 2556 una
487 2533 570 2556 cum
605 2523 689 2556 :iliis
719 2524 755 2555 in
789 2523 1052 2565 spiritualibus
1085 2524 1254 2564 ejusdem
1289 2523 1597 2556 reverendissimi
1626 2523 1778 2555 vicariis

132 2587 246 2620 supra
270 2578 379 2611 oxale
397 2579 502 2611 ebori
522 2579 691 2620 predicte
710 2579 870 2611 ecelesie
890 2579 1199 2615 consistentibus,
1219 2589 1261 2611 ac
1280 2580 1411 2611 subtus
1429 2579 1466 2611 in
1485 2588 1625 2611 corona
1644 2589 1780 2621 magna

131 2635 249 2676 ipsius
275 2634 434 2666 ecclesie
460 2638 494 2667 et
522 2634 678 2675 capellis
704 2634 910 2676 religiosis.
937 2633 1040 2666 clero
1067 2636 1101 2667 ct
1129 2634 1268 2676 populo
1299 2635 1457 2676 predicti
1478 2635 1606 2676 oppidi
1635 2645 1778 2668 necnon

131 2690 236 2722 curie.
263 2689 422 2723 Cesaree
452 2690 661 2731 majestatis
690 2689 735 2721 ad
766 2689 884 2721 multa
909 2689 1013 2722 milia
1038 2690 1189 2722 insimul
1217 2691 1474 2733 congregatis,
1497 2691 1530 2722 in
1553 2691 1625 2723 mei
1645 2692 1782 2723 notarii

132 2744 271 2786 publici
302 2754 343 2777 ac
370 2745 522 2777 testium
552 2745 651 2777 infra
679 2745 907 2786 scriptorum
938 2746 1143 2786 presentia.
1172 2747 1209 2778 in
1235 2747 1367 2778 eodem
1398 2745 1497 2777 oxali
1529 2745 1783 2787 personaliter

133 2801 362 2833 constitutus
391 2801 510 2833 frater
537 2801 702 2832 dau-obus
731 2800 934 2841 l'repositi,
955 2800 1099 2832 ordinis
1127 2802 1397 2834 heremitarum
1424 2802 1542 2833 saneti
1563 2802 1780 2844 Augustini.

136 2864 256 2897 nuper
294 2856 401 2897 prior
439 2857 645 2888 conventus
686 2856 855 2896 ejusdem
900 2856 1044 2888 ordinis
1090 2857 1251 2899 insignis
1291 2859 1328 2889 et
1371 2856 1609 2889 mercurialis
1652 2858 1778 2899 oppidi

134 2911 421 2958 Antverpicnsis
440 2911 539 2943 dicte
565 2910 848 2948 Cameracensis
868 2911 1042 2949 diocesis,
1063 2913 1197 2946 facicm
1225 2913 1268 2944 ud
1295 2912 1476 2957 populum
1503 2913 1684 2957 dirigens,
1705 2912 1781 2946 alta
