2096 3481
325 242 366 274 52²
1011 242 1148 275 ANNO
1174 242 1254 275 1521

326 350 524 382 novissime
552 350 596 380 ‹le
626 359 692 382 suo
720 351 1003 391 excogitaverit.
1030 351 1097 384 sub
1125 351 1299 384 simulata
1322 351 1595 393 praetexendos
1618 360 1704 384 suos
1729 350 1846 390 dolos,
1872 352 1948 384 tam

324 414 434 445 saepe
460 407 636 444 tantoque
665 414 779 446 operev
804 405 946 445 objicit.
974 405 1104 438 Fidem
1128 415 1252 439 veram
1277 415 1431 447 prorsus
1456 406 1627 443 destruit,
1654 406 1721 438 sub
1747 406 1947 446 libertatis,

324 469 432 499 quani
451 459 647 499 promittit,
667 460 804 501 specie,
825 459 972 492 Diaboli
995 461 1126 502 Jugmn
1155 462 1194 493 et
1221 462 1440 493 servitutem
1465 461 1619 499 inducit,
1645 463 1683 493 et
1705 461 1772 493 sub
1790 470 1949 504 evange-

324 513 416 545 licae
434 514 679 554 professionis
709 515 870 549 nomine,
897 523 1045 547 omnem
1063 515 1318 557 evangelicam
1345 524 1473 557 pac-em
1492 516 1529 547 et
1545 515 1767 548 charitatem
1784 525 1948 549 omnem-

323 578 393 607 que
412 577 537 599 rerum
555 569 724 601 ordinem
739 575 775 600 ct
789 568 1081 609 pulcherrimam
1096 570 1257 610 denique
1272 571 1387 602 totius
1401 569 1582 603 ecclesiae
1595 570 1730 602 faciem
1743 570 1945 610 invertere,

324 622 548 655 lalwi'actare
563 626 598 655 et
615 624 764 664 penitus
782 624 1012 664 pessundare
1031 624 1196 656 molitur.

366 677 506 714 Quibus
532 678 703 709 omuibus
729 687 796 718 per
821 687 887 710 nos
913 680 950 710 ct
973 679 1131 711 consilia
1151 682 1279 712 nostra
1304 680 1468 711 omnium
1494 680 1686 712 nationum
1704 680 1810 712 nobis
1828 680 1949 712 subdi-

322 739 441 763 tarum
461 733 608 772 saepius
627 739 661 764 et
681 733 884 773 diligenter
902 734 1054 765 attentis
1072 738 1107 765 ot
1125 735 1386 772 consideratis,
1406 737 1443 767 et
1460 735 1682 775 praesertim
1699 735 1737 766 in
1755 734 1825 766 hac
1840 736 1948 775 parte

322 787 365 817 ab
401 787 531 817 eodeni
568 787 783 818 beatis-sinito
820 790 926 829 patre
963 789 1136 828 requisiti
1174 789 1313 829 absque
1343 789 1481 831 insigni
1514 789 1660 821 macula
1683 791 1812 821 nostra
1835 790 1947 830 atque

321 841 552 873 orthodoxae
577 841 773 883 religionis
806 843 946 883 injuria
973 845 1011 875 et
1039 843 1279 880 detrimento,
1309 853 1389 877 rem
1421 844 1513 876 tanti
1542 844 1720 885 ponderis
1751 843 1947 886 negligere

322 905 554 936 nequaquam
583 897 783 945 potuimus.
810 900 850 928 ut.
875 898 987 929 ctiam
1017 907 1091 929 11011
1117 898 1315 930 debuimus
1340 908 1461 939 neque
1486 898 1692 939 voluimus3
1726 899 1792 932 sed
1822 899 1948 940 potius

320 951 650 990 praedecessorum
676 946 902 989 nostrorum,
928 952 1187 985 Romanorum
1212 953 1496 995 imperatorum,
1522 954 1692 996 vestigiis
1716 954 1946 992 insistentes,

321 1015 525 1046 eorumque
554 1015 620 1047 pro
654 1005 828 1038 libertate
856 1006 1065 1040 catholicae
1094 1009 1132 1039 ct
1155 1008 1385 1049 apostolicae
1409 1008 1591 1042 ecclesiae
1614 1010 1798 1050 perpetuo
1823 1007 1949 1041 lauda-

320 1060 410 1092 bilia
435 1062 534 1092 sacta
558 1071 598 1092 ae
627 1061 707 1102 pias
742 1064 779 1093 et
803 1064 962 1098 sanctas
991 1071 1104 1103 super
1126 1063 1327 1104 puniendis
1353 1065 1392 1096 et
1414 1063 1709 1096 exterminandis
1731 1063 1945 1102 haereticis,

321 1116 608 1147 constitutiones
654 1117 803 1157 saepius
846 1117 892 1148 ad
934 1117 1186 1158 praesentiam
1230 1119 1415 1155 nostram,
1441 1119 1596 1160 propter
1638 1118 1709 1150 1100
1746 1118 1948 1159 praecipue

320 1169 546 1202 electoribus
571 1180 714 1203 necnon
744 1172 928 1203 universis
957 1173 1054 1204 sacri
1078 1172 1243 1204 Romani
1271 1173 1423 1214 imperii
1441 1173 1636 1205 ordinibus
1660 1175 1698 1205 et
1718 1173 1889 1212 statibus,
1908 1173 1947 1205 in

321 1224 390 1256 hoe
419 1225 693 1257 Woi·111a‹=iensi
722 1231 908 1258 conventu
936 1228 1191 1269 congregatis,
1223 1228 1267 1259 de
1297 1237 1426 1260 corum
1455 1228 1621 1260 omnium
1648 1230 1686 1260 et
1712 1227 1947 1270 singulorum

321 1280 487 1311 unanimi
504 1280 674 1318 consilio,
700 1283 849 1313 matura
875 1281 1209 1315 deliberatione‘et
1233 1292 1430 1320 consensu,
1449 1283 1487 1315 111
1504 1283 1600 1315 lianc
1625 1283 1774 1315 tandem
1799 1283 1947 1315 deveni-

320 1344 401 1365 mus
419 1336 643 1367 sententiam
660 1337 696 1367 et
714 1336 1005 1375 conclusionem,
1026 1339 1078 1375 ut,
1098 1338 1266 1377 quamvis
1291 1337 1483 1370 hominem
1500 1338 1553 1370 ita
1569 1347 1590 1370 a
1607 1347 1750 1370 summo
1767 1337 1946 1378 pontifice

320 1395 357 1421 et
375 1390 461 1422 sede
480 1390 686 1431 apostoliea
703 1391 1003 1429 condemnatum,
1023 1394 1061 1424 et
1086 1392 1124 1423 111
1149 1401 1216 1428 sua
1239 1393 1428 1425 obstinata
1442 1393 1691 1434 perversitate
1708 1392 1944 1430 obduratum,

320 1448 430 1485 atque
459 1445 503 1477 ab
533 1455 601 1477 usu
626 1445 833 1478 catholicae
859 1446 1041 1479 ecclesiae
1067 1446 1243 1485 alienum,
1271 1449 1308 1479 et
1331 1448 1522 1480 notorium
1545 1447 1778 1480 haereticum
1801 1447 1944 1485 audire,

320 1501 419 1531 omni
449 1500 533 1540 jure
562 1503 760 1541 exceptum
784 1505 895 1539 essct,
925 1504 1048 1534 tamen
1081 1502 1126 1533 ad
1158 1501 1363 1534 tollendam
1395 1512 1543 1535 omnem
1570 1501 1770 1535 cavillandi
1796 1510 1946 1534 causam

319 1555 444 1594 (idque
469 1555 556 1595 quia
588 1555 759 1587 nonnulli
783 1555 985 1596 plerosque
1010 1555 1127 1588 libros
1153 1556 1316 1589 Martino
1342 1558 1537 1598 ascriptos,
1556 1557 1674 1598 ipsius
1691 1565 1774 1589 esse
1791 1556 1947 1598 apertis-

318 1609 410 1641 sime
437 1610 713 1650 inficiabantur)
740 1610 952 1651 complures
979 1611 1207 1643 audiendum
1233 1621 1255 1643 a
1279 1612 1386 1644 nobis
1411 1613 1516 1653 prius
1542 1612 1745 1649 hominem,
1772 1620 1884 1652 quam
1907 1611 1946 1643 in

318 1672 402 1695 011111
428 1664 473 1695 ad
498 1665 759 1697 executionem
782 1666 966 1706 pontificii
993 1665 1134 1698 decreti
1159 1665 1319 1698 ulterius
1336 1668 1640 1708 procederemus,
1667 1666 1944 1704 asseverabant,

319 1718 523 1751 Martinurn
548 1720 815 1760 saepedictum,
842 1720 956 1752 misso
981 1721 1027 1752 ad
1050 1721 1185 1761 ipsum,
1205 1721 1331 1753 dedita
1355 1731 1482 1763 opera,
1508 1731 1582 1754 uno
1600 1730 1620 1754 e
1637 1720 1956 1754 caduceatoribus·

319 1783 383 1805 seu
400 1775 648 1815 praeconibus
666 1779 703 1807 et
719 1774 885 1807 heraldis
903 1775 1054 1814 nostris,
1073 1776 1140 1808 sub
1158 1774 1278 1808 libero
1303 1775 1375 1808 11110
1393 1776 1568 1809 veniendi
1585 1776 1624 1808 et
1640 1775 1728 1808 111ηο
1743 1775 1946 1808 recedendi

318 1828 419 1860 salvo
437 1829 634 1865 conductu,
654 1830 830 1862 accersiri
849 1830 1079 1871 juberemus.
1100 1830 1207 1868 Quod
1224 1831 1262 1863 et
1286 1831 1427 1863 factum
1449 1831 1534 1869 fuit,
1555 1840 1629 1862 non
1655 1832 1696 1863 ut
1719 1839 1787 1862 nos
1811 1830 1857 1862 de
1873 1830 1946 1862 1100

318 1884 474 1925 negocio
491 1884 743 1925 Judicaremus
761 1887 825 1917 aut
842 1894 1155 1927 cognosceremus
1172 1886 1301 1927 (quum
1325 1886 1362 1918 id
1388 1886 1501 1918 dubio
1519 1885 1650 1927 procul
1668 1885 1714 1918 ad
1728 1885 1944 1918 Romanum

316 1939 532 1979 pontificem
560 1942 597 1971 et
625 1940 751 1972 sedem
776 1939 1019 1981 apostolicam
1043 1941 1245 1981 pertineat)
1271 1950 1392 1981 neque
1416 1943 1458 1973 ut
1480 1949 1542 1973 res
1570 1941 1830 1973 sacrosanctae
1854 1939 1943 1972 fidei

317 1996 480 2029 nostrae,
507 2003 604 2026 nunc
628 1995 790 2033 tandem,
808 1998 894 2036 post
911 1997 967 2027 tot
989 1995 1150 2034 saecula,
1176 2005 1245 2036 per
1269 2005 1383 2028 novas
1400 1995 1678 2034 altercationes,
1704 2004 1789 2027 cum
1805 2003 1943 2036 magno

317 2048 483 2080 fidelium
501 2049 675 2081 scandalo
693 2051 730 2081 et
753 2050 1038 2091 perturbatione
1063 2059 1104 2082 ac
1128 2050 1338 2083 infidelium
1363 2051 1567 2089 derisione,
1592 2051 1631 2082 in
1647 2050 1943 2082 controversiam

316 2104 484 2135 revocari
509 2106 735 2145 pateremur.
762 2105 828 2137 sed
852 2107 893 2137 ut
916 2114 1000 2137 cum
1024 2105 1128 2147 vulgi
1152 2107 1190 2138 et
1213 2105 1463 2147 plurimorum
1479 2106 1533 2138 ita
1548 2105 1759 2146 petentium
1776 2105 1943 2137 satisfac-

316 2159 430 2196 tione,
457 2159 619 2191 hominis
643 2160 808 2191 animum
832 2161 1109 2201 percontantes,
1129 2170 1214 2193 eum
1230 2161 1340 2192 bonis
1362 2161 1633 2192 monitionibus
1651 2162 1689 2192 et
1706 2159 1943 2192 suasionibus

317 2214 361 2245 ad
379 2216 518 2246 rectam
537 2215 708 2246 semitam
725 2215 770 2256 (si
787 2215 870 2247 fieri
887 2217 1028 2256 posset)
1048 2215 1330 2248 reduceremus,

361 2269 490 2309 Itaque
513 2269 719 2302 Lutlicrum
747 2270 784 2301 in
811 2272 939 2302 nostra
962 2272 1000 2302 ct
1023 2271 1120 2302 sacri
1144 2271 1294 2312 imperii
1318 2270 1537 2309 electorum,
1556 2270 1781 2312 principum,
1799 2268 1944 2311 praela-

318 2326 438 2355 torum
464 2328 501 2356 et
525 2328 688 2357 statuum
715 2326 931 2366 praesentia
953 2326 1211 2364 constitutum,
1229 2326 1337 2367 juxta
1359 2327 1520 2358 sormam
1536 2324 1744 2367 imperialis
1761 2324 1940 2362 mandati,

318 2388 429 2419 super
446 2379 513 2411 hac
531 2389 572 2412 re
590 2389 709 2420 nuper
726 2380 829 2415 editi,
848 2381 1079 2422 interrogari
1094 2381 1284 2421 jussimus.
1305 2381 1496 2413 Primum:
1516 2380 1684 2421 nunquid
1706 2380 1788 2421 ipse
1803 2378 1943 2411 multos

316 2433 432 2465 libros
457 2435 527 2466 sibi
552 2435 597 2466 ob
623 2434 750 2466 oculos
776 2435 955 2467 adductos
980 2439 1017 2467 et
1042 2435 1221 2468 titulatim
1246 2436 1457 2468 nominatos
1485 2437 1523 2468 et
1545 2435 1638 2467 alios
1662 2435 1766 2473 item,
1785 2434 1849 2475 qui
1874 2433 1942 2466 sub

318 2498 383 2519 suo
417 2490 565 2521 nomine
594 2490 922 2528 circumferuntur,
948 2491 1233 2532 composuisset.
1277 2491 1433 2529 Deinde,
1467 2500 1514 2523 an
1553 2499 1609 2528 ea,
1643 2499 1738 2531 quae
1773 2490 1812 2522 in
1850 2489 1943 2530 ipsis

318 2543 423 2574 libris
448 2549 578 2576 contra
601 2554 708 2576 sacra
731 2544 902 2583 concilia,
922 2545 1073 2578 decreta
1096 2548 1258 2587 patrum,
1277 2546 1373 2578 ritus
1391 2548 1428 2578 et
1444 2545 1735 2578 consuetudines
1759 2553 1782 2576 a
1803 2544 1942 2576 nostris

318 2599 521 2637 inajffl‘ibus
549 2600 594 2631 ad
623 2600 721 2632 hunc
749 2609 866 2640 usque
894 2603 1131 2640 praesentem
1157 2601 1256 2634 diem
1285 2601 1501 2634 observatos
1529 2601 1735 2642 scripserit,
1763 2607 1942 2632 revocare

317 2653 429 2685 vellet
453 2656 489 2685 et
514 2655 558 2686 ad
583 2655 705 2687 sinum
729 2656 767 2687 et
794 2656 976 2688 unitatem
1001 2656 1225 2689 universalis
1250 2655 1431 2689 ecclesiae
1455 2656 1594 2694 redire,
1613 2655 1791 2688 adhibitis
1808 2654 1855 2687 ad
1871 2654 1943 2686 hoc

318 2712 444 2739 nostro
469 2713 504 2741 et
533 2710 681 2750 imperii
710 2711 859 2742 nomine
888 2710 1206 2744 admonitionibus
1231 2712 1270 2744 et
1296 2711 1636 2749 adhortationibus,
1661 2719 1756 2751 quae
1784 2709 1944 2742 obstina-

317 2763 499 2795 tissimum
524 2763 712 2797 hominem
730 2765 857 2806 (etiam
874 2764 997 2806 lapide
1015 2766 1220 2808 duriorem)
1239 2765 1410 2799 emollire
1427 2767 1466 2798 et
1481 2766 1701 2798 convertere
1717 2765 1940 2806 potuissent.

317 2817 386 2855 Qui
411 2827 499 2850 sane
523 2820 648 2850 statim
673 2818 788 2851 libros
812 2820 914 2860 ipsos
938 2821 1146 2866 antedictos
1171 2823 1213 2854 ut
1237 2830 1325 2854 suos
1349 2821 1504 2863 agnovit
1527 2821 1566 2854 et
1588 2821 1782 2852 confessus
1806 2821 1875 2858 est,
1904 2819 1943 2852 et

317 2882 505 2913 nunquam
529 2884 569 2906 se
592 2874 629 2905 id
654 2876 877 2916 negaturum
893 2877 1136 2916 protestatus,
1162 2877 1277 2909 immo
1302 2877 1341 2908 et
1364 2875 1486 2909 adhue
1506 2875 1600 2909 alios
1623 2883 1664 2908 se
1687 2875 1942 2916 composuisse

317 2927 422 2966 dixit,
453 2937 611 2969 quorum
638 2929 746 2970 copia
772 2939 855 2962 cum
888 2930 995 2963 nobis
1027 2940 1101 2964 non
1131 2931 1268 2965 fuisset
1298 2931 1409 2970 facta,
1438 2931 1578 2965 idcirco
1605 2930 1645 2964 in
1670 2929 1836 2964 medium
1866 2938 1941 2963 non
