2096 3481
922 220 1059 257 ANNO
1085 219 1169 256 1525
1800 217 1863 253 317

227 334 449 368 catholicam
467 335 611 367 astruat
628 335 665 368 et
682 333 837 367 hereses
855 333 1036 372 destruat,
1064 333 1128 366 scd
1157 333 1195 366 et
1218 340 1343 366 mores
1367 331 1602 374 perniciosos
1619 331 1658 364 et
1674 331 1862 364 deformes

224 392 407 423 reformet
434 391 472 423 et
498 391 536 422 in
564 389 699 423 melius
724 390 929 422 commutet
953 389 1238 430 provideatque,
1266 397 1311 420 ne
1341 396 1487 419 morum
1516 387 1710 420 subversio
1739 386 1860 427 major

224 445 262 477 in
280 445 382 478 clero
401 446 438 478 et
454 445 593 488 populo
612 445 780 487 obrepat,
800 444 865 477 sed
883 446 923 476 ut
947 453 1071 477 mores
1096 444 1168 486 ipsi
1190 443 1450 477 resartiantur.
1471 443 1611 475 Parum
1636 442 1737 475 enim
1761 441 1861 474 esset

224 500 377 534 hereses
406 501 614 539 destruere,
645 499 849 542 depellere,
881 499 953 531 nisi
982 500 1030 531 sit
1057 500 1095 532 et
1122 499 1167 536 is,
1197 499 1261 540 qui
1293 499 1491 539 corruptos
1523 506 1648 530 mores
1673 497 1859 530 resarcire

225 565 267 588 ac
293 556 407 588 vitam
435 557 622 599 integram
651 557 689 589 et
716 554 944 588 laudabilem
968 556 1046 587 tum
1072 555 1297 593 instaurare,
1328 554 1408 586 tum
1437 553 1482 586 de
1511 562 1606 586 novo
1632 553 1695 585 ubi
1731 561 1857 586 neces-

223 611 365 644 sarium
383 621 449 644 seu
467 612 694 652 oportunum
714 610 892 643 inducere
912 611 950 642 et
966 611 1131 642 formare
1149 609 1269 651 possit
1286 609 1324 642 et
1339 608 1476 642 valeat.

268 664 344 696 Pro
362 665 497 705 quibus
515 664 688 696 omnibus
714 664 752 696 ct
775 662 936 705 singulis
960 663 1170 704 respective
1195 661 1385 701 tollendis,
1411 661 1664 694 resarciendis
1682 662 1719 693 ct
1736 660 1861 693 obser-

221 719 354 752 vandis
383 719 596 753 neccssaria
623 719 697 752 erit
724 718 928 752 auctoritas
956 718 1075 760 ipsius
1100 718 1350 759 inquisitoris,
1377 717 1418 750 ut
1442 718 1518 750 tam
1543 725 1612 759 per
1637 716 1861 749 determina-

223 775 337 808 tionis
360 776 546 818 oportune
570 774 792 817 suffragium
810 782 921 814 quam
939 773 1031 806 alias
1049 773 1237 816 legittime
1262 772 1371 805 tollat
1387 772 1576 815 ambigua,
1595 771 1861 805 altercationes

223 830 376 863 dirimat
400 832 438 864 et
461 831 621 863 obscura
637 829 817 866 succidat,
836 829 1002 871 extirpet
1018 829 1127 868 vicia,
1146 829 1307 862 virtutes
1324 829 1478 867 inserat,
1498 827 1666 870 corrigat
1683 836 1860 860 excessus

221 895 422 927 moresque
449 886 643 924 reformet,
675 885 721 918 ad
749 886 787 918 et
812 885 970 927 propter
998 894 1070 926 que
1099 884 1314 918 necessaria
1337 884 1412 917 erit
1434 883 1625 916 interdum
1651 891 1862 916 exeommu-

222 942 423 975 nicationis
440 942 504 974 aut
521 941 595 974 alia
612 940 869 974 ecclesiastica
885 949 1044 973 censura
1060 940 1118 973 vel
1144 940 1258 973 etiam
1274 949 1343 982 pro
1363 939 1544 981 qualitate
1562 937 1862 979 delinquentium

221 997 362 1030 mulcta
391 997 622 1039 pecuniaria,
653 1006 765 1038 quam
790 995 962 1028 nonnulli
986 995 1071 1038 plus
1097 995 1349 1029 reformidare
1377 995 1568 1028 interdum
1596 993 1721 1027 solent
1751 1002 1862 1034 quam

222 1052 381 1095 aliqu'us
398 1053 558 1086 membri
575 1052 825 1086 abscisionem
840 1051 899 1084 vel
914 1051 1343 1085 excommunicationem
1361 1051 1425 1084 aut
1438 1049 1551 1084 aliam
1568 1049 1862 1083 ecclesiasticam

221 1117 431 1142 censuram.

266 1164 547 1206 Supplicabitur
571 1164 617 1197 ob
642 1164 693 1204 id,
722 1174 791 1207 pro
816 1165 924 1207 parte
953 1165 1102 1206 prefate
1127 1163 1279 1197 domine
1302 1162 1560 1196 illustrissime
1589 1161 1740 1194 domine
1765 1160 1862 1194 Mar-

221 1220 344 1263 garite
372 1220 664 1263 gubernatricis,
690 1220 900 1254 ferventem
925 1220 1046 1253 zelum
1070 1229 1164 1263 erga
1187 1220 1301 1252 fidem
1324 1218 1549 1252 catholicam
1574 1218 1612 1251 ct
1634 1216 1861 1259 religionem

221 1275 475 1309 Christianam
506 1275 694 1314 habentis,
724 1277 876 1318 tamque
907 1275 1030 1309 zelose
1063 1277 1214 1316 tamque
1245 1274 1409 1307 viriliter
1439 1274 1618 1307 adversus
1651 1272 1861 1306 Luteranas

220 1329 375 1364 hereses
392 1332 585 1371 certantis,
605 1333 790 1373 quatenus
815 1332 966 1364 sanctus
992 1331 1165 1364 dominus
1183 1331 1313 1363 noster
1329 1329 1547 1363 facultatem
1573 1330 1611 1362 et
1634 1329 1861 1371 potestatem

219 1386 338 1428 ipsius
367 1387 500 1420 decani
530 1387 768 1428 inquisitoris
800 1387 961 1429 amplius
993 1387 1032 1419 in
1063 1387 1233 1419 favorem
1264 1386 1353 1419 fidei
1386 1395 1428 1418 ac
1459 1385 1499 1418 in
1528 1385 1656 1418 odium
1683 1384 1861 1417 heresum

220 1451 542 1484 quarumcumque
559 1452 606 1476 ex
622 1442 775 1484 illisque
791 1452 860 1484 pro
879 1443 1050 1484 tempore
1063 1441 1333 1484 pullulantium
1346 1441 1575 1480 scismatum,
1594 1439 1859 1478 rebellionum,

219 1499 504 1540 contemptuum
535 1499 574 1531 et
604 1498 950 1531 inobedientiarum
982 1498 1106 1531 aditus
1133 1497 1426 1539 preclusionem‚
1461 1497 1596 1538 quibus
1627 1505 1696 1538 pro
1724 1496 1861 1529 horum

220 1554 433 1596 temporum
459 1553 655 1587 maliciosa
683 1554 908 1596 tempestate
940 1553 1122 1587 citissime
1151 1553 1379 1586 obviandum
1407 1553 1549 1593 existit,
1579 1551 1795 1594 ampliando
1823 1551 1862 1584 et

219 1609 457 1642 extendendo
487 1610 525 1642 ct
552 1611 738 1651 quatenus
771 1619 865 1652 opus
896 1609 946 1642 sit
977 1609 1218 1648 declarando,
1253 1609 1343 1642 dare
1375 1609 1554 1652 dignetur
1584 1609 1623 1641 et
1653 1607 1861 1640 concedere

219 1665 342 1697 eidem
360 1665 510 1698 domino
529 1665 670 1699 decano
694 1665 914 1706 inquisitori
939 1665 1204 1698 auctoritatem
1227 1664 1379 1707 plenam
1403 1665 1441 1698 et
1458 1663 1712 1697 omnimodam
1729 1663 1862 1696 contra

219 1729 349 1753 omnes
382 1721 420 1754 et
450 1720 622 1764 singulos
661 1721 860 1762 utriusque
892 1730 1005 1754 sexus
1043 1730 1227 1763 personas
1268 1720 1540 1761 omniscunque
1579 1719 1695 1753 etiam
1726 1719 1859 1756 status,

217 1775 369 1818 gradus,
397 1776 553 1815 ordinis,
583 1777 812 1809 conditionis
835 1776 895 1810 vel
919 1777 1197 1818 preeminentie
1222 1776 1442 1815 existentes,
1469 1774 1660 1809 seculares
1676 1773 1736 1807 vel
1752 1783 1860 1816 regu-

216 1830 329 1869 lares,
355 1833 549 1874 exemptas
574 1834 612 1865 et
638 1841 713 1864 non
739 1833 933 1874 exemptas
951 1832 1267 1874 qualitercunque
1291 1832 1407 1865 etiam
1423 1840 1509 1864 eum
1525 1831 1564 1865 et
1579 1830 1647 1868 sub
1666 1829 1859 1871 quibusvis

215 1887 468 1930 prerogativis
486 1888 524 1920 ct
541 1889 873 1929 quantumcunque
891 1888 1005 1921 etiam
1022 1888 1298 1931 pregnantibus
1315 1886 1590 1930 privilegiatas‚
1609 1886 1641 1919 si
1667 1895 1739 1927 que
1764 1884 1860 1919 tales

214 1942 395 1976 infamate
413 1944 478 1976 aut
494 1944 668 1985 suspecte
684 1943 840 1982 fuerint,
859 1943 1080 1984 inquirendi
1098 1944 1136 1977 et
1152 1943 1383 1985 procedendi
1400 1942 1617 1981 summarie,
1637 1941 1861 1984 simpliciter

215 1999 252 2031 et
280 1998 325 2031 de
349 1997 462 2040 plano
491 1998 573 2032 sine
597 2000 635 2032 et
663 1999 803 2040 absque
828 1999 990 2040 strepitu
1017 2000 1055 2032 et
1079 2000 1204 2042 figura
1224 1999 1353 2041 juditii
1377 1998 1518 2040 absque
1542 1997 1859 2040 multiplicatione

214 2054 279 2086 aut
303 2053 567 2087 observatione
595 2055 831 2088 diversorum
858 2055 1110 2088 terminorum
1139 2064 1205 2088 seu
1234 2056 1383 2088 actuum
1407 2053 1639 2097 juditialium
1662 2052 1721 2087 vel
1747 2053 1860 2095 scrip-

214 2109 384 2142 turarum
403 2109 650 2149 exhibitione,
670 2110 737 2143 sed
753 2109 835 2143 sola
857 2110 951 2143 facti
974 2110 1136 2144 veritate
1153 2111 1336 2153 inspecta3
1354 2109 1516 2151 illasque
1531 2110 1640 2152 Juxta
1657 2108 1858 2151 qualitates

214 2165 253 2197 et
275 2165 509 2208 exigentiam
533 2175 688 2198 suorum
712 2175 936 2199 excessuum
960 2175 1027 2199 seu
1055 2166 1329 2200 demeritorum
1352 2165 1536 2208 puniendi
1559 2166 1598 2199 et
1619 2164 1856 2208 corrigendi;

213 2221 263 2259 et,
298 2221 329 2253 si
360 2221 399 2253 in
428 2221 545 2254 sacris
577 2221 773 2254 constituti
802 2223 867 2254 aut
898 2221 1028 2255 clerici
1061 2222 1227 2255 existant
1257 2222 1296 2254 in
1329 2220 1531 2262 heresique
1564 2230 1631 2254 seu
1663 2220 1858 2254 erroribus

214 2275 292 2308 suis
304 2277 552 2317 pertinaciter
564 2277 856 2318 permanserint,
871 2286 941 2310 nec
959 2278 1155 2310 commodo
1173 2277 1307 2310 haberi
1319 2277 1441 2319 possit
1457 2275 1567 2319 eopia
1583 2285 1649 2310 seu
1665 2275 1859 2318 presentia

213 2331 332 2374 ipsius
351 2332 553 2371 diocesani,
573 2333 637 2365 aut
660 2332 692 2364 si
716 2332 849 2365 haberi
873 2334 1003 2374 posset
1026 2334 1064 2366 et
1087 2342 1309 2375 comparere
1333 2342 1409 2366 non
1432 2332 1560 2372 vellet,
1587 2333 1652 2366 aut
1676 2331 1859 2365 deberent

213 2387 377 2429 majores
395 2397 559 2430 expense
577 2388 624 2420 ob
641 2388 680 2420 id
697 2388 889 2427 sustineri,
905 2387 992 2420 illos
1009 2397 1078 2430 per
1095 2397 1357 2430 quemcunque
1376 2387 1632 2422 Christianum
1649 2387 1858 2421 antistitem

214 2444 278 2476 aut
305 2443 478 2476 abbatem
506 2443 564 2477 vel
593 2444 761 2484 priorem
787 2444 851 2476 aut
874 2444 1127 2487 guardianum
1153 2444 1318 2486 cujusvis
1342 2444 1578 2483 monasterii,
1604 2452 1674 2486 per
1695 2443 1857 2477 eundem

213 2497 477 2539 inquisitorem
505 2498 736 2542 eligendum,
767 2499 970 2541 degradari
998 2499 1203 2532 mandandi
1232 2499 1297 2532 aut
1323 2499 1489 2533 faciendi
1519 2499 1719 2542 ipsumque
1747 2497 1858 2531 antis-

213 2554 334 2592 titem,
361 2554 546 2593 abbatem,
572 2554 739 2596 priorem
768 2555 833 2587 aut
860 2554 1085 2597 gardianum
1114 2555 1160 2588 ad
1186 2554 1259 2588 hoc
1282 2564 1352 2598 per
1375 2564 1555 2589 censuras
1579 2553 1855 2588 ecclesiasticas

213 2610 375 2652 cogendi
403 2611 442 2643 et
467 2609 738 2651 compellendi3
773 2610 1102 2651 denunciandique
1133 2619 1199 2644 eos
1227 2611 1333 2644 curie
1361 2610 1525 2644 seculari
1552 2610 1756 2644 tradendos
1788 2617 1855 2642 seu

214 2665 466 2699 demittendos
499 2665 563 2698 aut
589 2664 860 2707 relinquendos
887 2666 989 2707 fore3
1023 2665 1270 2700 beneficiatos
1304 2675 1467 2708 quoque,
1502 2665 1534 2699 si
1562 2674 1630 2699 sua
1657 2664 1857 2709 exegerint

213 2721 408 2760 demerita,
435 2721 513 2754 suis
536 2721 727 2754 benefitiis
750 2721 925 2763 privandi
954 2722 993 2754 ct
1014 2720 1082 2754 illa
1106 2720 1191 2755 aliis
1218 2722 1377 2764 ydoneis
1406 2721 1628 2755 confercndi
1653 2721 1718 2754 aut
1741 2720 1856 2754 delin-

213 2778 371 2818 quentes
410 2776 454 2810 ab
494 2776 648 2809 illorum
686 2777 873 2810 fructibus
913 2777 952 2810 et
991 2776 1204 2811 divinorum
1243 2777 1574 2811 administratione
1617 2777 1664 2810 ad
1706 2777 1854 2819 tempus

213 2832 469 2875 suspendendi
486 2833 551 2865 aut
574 2832 612 2865 in
637 2841 829 2866 carcerem
854 2832 969 2865 ctiam
994 2833 1131 2872 atrum,
1151 2833 1184 2866 si
1201 2834 1408 2877 expediens
1424 2834 1610 2872 videatur,
1635 2832 1856 2866 intrudendi

212 2897 279 2921 seu
295 2889 479 2930 perpetuo
513 2888 772 2922 incarcerandi
790 2889 828 2922 et
844 2897 1035 2922 carcerem
1054 2898 1316 2932 quemcunque
1338 2889 1507 2934 eligendi
1525 2889 1589 2923 aut
1606 2888 1652 2922 ad
1668 2889 1855 2922 monaste-

211 2943 312 2977 rium
342 2943 494 2986 aliquod
521 2953 590 2986 pro
619 2946 723 2978 certo
752 2946 924 2987 tempore
951 2944 1008 2986 (ut
1033 2945 1128 2979 inibi
1157 2945 1408 2988 penitentiam
1438 2945 1566 2989 agant)
1594 2944 1782 2984 mittendi,
1812 2953 1854 2978 ac
