2096 3481
265 251 325 284 114
961 248 1097 282 ANNO
1124 243 1206 281 152⁶?

1029 361 1113 408 77.

329 484 467 528 1522,
496 478 638 534 April
664 483 741 529 28,
770 479 979 521 Βνῑιεεθί.
1018 479 1258 522 Uittreksel
1298 478 1361 521 uit
1396 479 1479 520 den
1515 477 1758 534 tijdgenoot
1789 477 1891 520 Gel-

260 550 481 592 denhauer
503 563 608 592 over
629 550 681 592 de
717 549 980 605 herroeping
1014 548 1163 590 aldaar
1197 561 1279 590 van
1300 546 1502 590 Nicolaas
1528 545 1886 596 Buscoducensis,

258 617 481 662 Cornelius
496 617 724 674 Grapheus
741 632 795 661 en
813 619 971 661 Petrus
988 617 1187 667 Ettenus,
1211 630 1264 659 en
1282 629 1387 659 over
1404 615 1455 657 de
1473 615 1623 657 woede
1642 614 1888 658 waarmede

259 687 311 729 de
344 687 520 730 monnik
546 686 743 731 Nicolaas
776 701 860 730 van
883 685 1078 743 Egmond
1112 685 1163 728 de
1189 687 1356 730 ketters
1379 683 1423 727 in
1458 683 1661 736 Holland,
1703 683 1889 727 Zeeland

259 769 311 798 en
346 755 540 799 Brabant
562 756 812 812 vervolgde.

1027 831 1122 863 1522.

299 895 476 928 Nicolaus
505 895 803 928 Buscodueonsis
831 894 1044 937 theologus,
1070 893 1266 927 Cornelius
1292 893 1486 936 Grapheus
1514 894 1626 935 poeta
1654 894 1692 925 et
1716 893 1843 925 orator
1869 902 1890 925 a

256 950 412 982 secretis
428 951 713 992 Antverpiensis
731 952 769 983 et
786 950 834 983 M.
852 951 988 983 Petrus
1006 950 1177 988 EttenuS,
1196 949 1309 991 vulgo
1326 949 1437 983 rubia
1454 948 1557 982 lance
1569 949 1628 990 (1),
1647 949 1732 990 post
1748 948 1890 989 palino-

256 1006 354 1037 diam
371 1006 417 1037 fr.
436 1006 568 1038 Jacobi
586 1006 788 1047 Prepositi,
809 1005 967 1037 authore
985 1004 1178 1046 Glapione,
1199 1003 1416 1037 Bruxellam
1442 1004 1551 1036 acciti
1575 1004 1674 1041 sunt,
1701 1005 1889 1044 tamquam

255 1059 453 1093 lutherane
479 1060 655 1093 hereseos
672 1062 840 1093 fautores
864 1062 902 1093 et
926 1061 1144 1093 defensores
1169 1061 1207 1092 et
1231 1060 1343 1092 tertio
1362 1058 1437 1091 kal.
1459 1058 1547 1100 Maij
1567 1058 1604 1090 in
1623 1060 1706 1090 foro
1733 1057 1889 1091 Bruxel-

255 1114 350 1146 lensi
377 1137 456 1147 ......
492 1116 539 1157 (2)
563 1116 705 1157 insigni
737 1114 965 1148 contumelia
989 1115 1127 1147 adfecti
1156 1115 1193 1147 et
1223 1115 1323 1146 bona
1354 1123 1485 1146 eorum
1520 1114 1743 1155 proscripta,
1777 1113 1888 1145 huius

254 1170 423 1211 tragedie
442 1171 630 1202 actoribus
659 1170 709 1203 M.
728 1170 884 1203 Nicolao
902 1170 1161 1212 Egmondano,
1181 1169 1231 1202 M.
1251 1170 1297 1202 N.
1316 1170 1472 1202 Latomo
1492 1168 1693 1207 Quintano,
1714 1167 1888 1201 Cornelio

251 1224 387 1263 JudeO,
407 1225 456 1257 M.
476 1225 676 1258 Francisco
695 1225 893 1264 Hulstano,
914 1225 963 1258 M.
983 1225 1179 1258 Florentio
1200 1224 1320 1258 Omio.

297 1279 365 1311 His
391 1280 520 1312 diebus
546 1280 723 1313 Nicolaus
748 1280 1015 1322 Egmondanus
1040 1279 1236 1313 carmelita
1259 1279 1472 1322 theologus,
1499 1279 1611 1311 horno
1636 1278 1748 1321 plane
1773 1279 1890 1311 furio-

254 1343 328 1372 sus,
355 1335 462 1375 quasi
485 1335 617 1368 rabida
638 1336 741 1368 oanis
764 1345 834 1377 per
857 1335 1109 1374 Hollandiam,
1137 1334 1351 1368 Selandiam
1375 1335 1413 1367 et
1444 1334 1686 1367 Brabantiam
1710 1334 1888 1373 cucurrit,

253 1388 395 1422 habens
412 1389 541 1422 literas
559 1399 580 1422 a
597 1390 745 1429 Cesare,
764 1391 806 1423 ut
822 1391 854 1422 si
871 1400 964 1431 quos
981 1390 1187 1422 invenisset
1203 1389 1422 1432 evangelice
1436 1389 1587 1423 veritati
1604 1390 1642 1423 et
1658 1389 1891 1431 simplicitati

210 1450 212 1452 ’
252 1444 433 1483 faventes,
454 1445 596 1477 vinctos
622 1446 775 1478 necaret
798 1446 836 1478 et
853 1446 952 1478 bona
967 1445 1234 1487 proscriberet,
1254 1454 1413 1486 quorum
1437 1444 1633 1478 meliorem
1650 1445 1797 1486 partem
1820 1452 1888 1486 pro

253 1508 319 1531 suo
349 1498 478 1531 labore
504 1501 579 1532 tam
611 1501 739 1532 saneto
767 1500 986 1538 reservavit,
1016 1500 1151 1541 putans
1176 1509 1216 1533 se
1241 1499 1312 1532 hoe
1336 1500 1446 1532 modo
1473 1499 1695 1541 obsequium
1718 1499 1888 1541 prestare

253 1554 344 1586 Deo.
365 1554 487 1592 Quare
514 1554 621 1587 multi
646 1555 746 1587 docti
763 1555 835 1587 viri
851 1555 1012 1587 vitantes
1035 1555 1131 1587 hanc
1153 1556 1229 1588 tam
1255 1564 1402 1588 saevam
1426 1556 1583 1597 pestem,
1608 1555 1653 1588 de
1678 1555 1828 1587 civitate
1849 1554 1889 1586 in

252 1609 441 1641 civitatem
465 1610 600 1651 fugere
624 1609 820 1642 honestius
844 1610 1026 1651 putabant
1051 1619 1161 1651 quam
1186 1611 1318 1643 contra
1336 1610 1451 1643 maris
1477 1610 1638 1643 tractum
1657 1610 1713 1652 (ut
1736 1609 1888 1650 dieitur)

253 1663 321 1695 niti
335 1665 373 1696 et
386 1665 603 1697 mortiferos
618 1666 818 1706 expectare
831 1674 995 1706 morsus3
1011 1666 1135 1698 tamen
1150 1665 1221 1698 hoc
1235 1674 1383 1707 quoque
1397 1665 1585 1698 distichon
1599 1664 1795 1708 vulgatum
1809 1665 1887 1698 est:

296 1718 444 1751 Gelrius
461 1719 682 1761 Egmondus
699 1720 906 1752 contemnit
926 1720 1096 1753 Caesaris
1114 1729 1230 1760 arma,

296 1773 515 1816 Egmondus
538 1774 743 1807 monachus
767 1774 927 1807 fulmina
944 1784 1055 1808 saeva
1071 1775 1153 1808 Dei.

603 1847 644 1879 G.
661 1846 937 1886 Geldenhauer‚
954 1846 1212 1886 Collectaneit'n,
1227 1847 1278 1889 bij
1294 1847 1342 1880 K.
1353 1848 1429 1880 und
1443 1847 1504 1882 W.
1520 1847 1656 1887 Krafft,
1671 1848 1800 1894 Briefe
1811 1847 1891 1883 und

644 1901 867 1936 Documente
890 1913 959 1936 aus
980 1901 1047 1936 der
1070 1902 1149 1936 Zeit
1173 1903 1239 1936 der
1262 1903 1517 1947 Reformation
1541 1905 1594 1937 im
1620 1903 1672 1937 46.
1698 1902 1886 1938 Jahrhun-

646 1956 740 1998 dert,
766 1957 836 1990 blz.
864 1958 917 1990 43.
943 1976 986 1981 --
1013 1958 1150 1990 Petrus
1181 1957 1340 1991 Ettenus
1365 1958 1565 1992 ontleende
1589 1959 1889 2002 waarschiJ'nlijk

644 2012 767 2053 ziJ'nen
785 2022 894 2045 naam
912 2022 982 2046 aan
999 2013 1065 2046 het
1080 2013 1461 2046 Noord-Brabantsch
1480 2014 1574 2056 dorp
1593 2014 1718 2047 Etten.
1733 2033 1777 2039 —
1791 2014 1889 2048 Over

643 2067 819 2100 Nicolaas
850 2077 920 2100 van
958 2067 985 2100 ⁷s
1017 2068 1349 2111 Hertogenbosch,
1383 2069 1438 2102 zie
1471 2069 1516 2102 de
1548 2069 1658 2111 Hoop
1701 2069 1886 2109 Scheffer,

645 2121 916 2162 Geschiedenis,
953 2122 1022 2155 blz.
1062 2123 1124 2155 112
1152 2132 1199 2156 en
1229 2124 1307 2162 242,
1342 2133 1388 2157 en
1420 2123 1507 2158 Otto
1542 2124 1707 2164 Clemen,
1737 2123 1889 2160 Johann

644 2177 797 2222 Pupper
811 2187 884 2212 von
903 2176 1014 2218 Goch,
1033 2178 1103 2211 blz.
1122 2177 1265 2212 276-282
1283 2188 1328 2213 en
1347 2179 1500 2221 passim.

1024 2294 1106 2340 ¹78.

321 2412 459 2459 1522,
484 2408 610 2461 (υόόν
633 2408 774 2464 April
801 2412 892 2462 29),
921 2409 1066 2463 Delfi.
1104 2411 1344 2456 Uittreksel
1381 2412 1444 2456 uit
1472 2426 1616 2456 eenen
1656 2412 1770 2457 brief
1799 2427 1884 2458 van

250 2484 436 2523 meester
469 2479 679 2523 Frederik
711 2480 974 2524 Hondebeke
1006 2481 1287 2537 (Canirivus),
1330 2485 1473 2525 rector
1516 2481 1594 2524 der
1629 2483 1881 2540 Latijnsche

251 2548 396 2592 school
426 2548 592 2602 aldaar,
622 2563 704 2593 aan
743 2548 905 2606 Caspar
937 2549 1072 2593 Hedio
1105 2554 1149 2594 te
1173 2550 1331 2601 Mainz,
1373 2563 1479 2594 over
1502 2551 1554 2594 de
1601 2554 1754 2608 groote
1780 2565 1881 2595 ver-

292 2680 339 2722 (1)
358 2681 411 2713 De
438 2681 627 2723 uitgevers
644 2681 832 2723 schrijven
850 2681 946 2721 lane,
966 2681 1128 2725 hetgeen
1146 2692 1242 2725 geen
1259 2682 1383 2724 Latijn
1401 2682 1445 2714 is.
1465 2682 1551 2715 Men
1570 2682 1647 2716 leze
1664 2682 1791 2725 lance3
1810 2683 1882 2716 dan

249 2734 281 2766 is
299 2735 344 2767 de
361 2735 579 2768 beteekenis
594 2746 601 2768 ε
624 2750 638 2762 n
659 2737 800 2778 gezegd
817 2737 859 2769 in
875 2735 947 2770 den
961 2737 1100 2771 rooden
1115 2736 1249 2771 schotel
1263 2752 1278 2766 ν’
1292 2748 1301 2778 3
1320 2738 1375 2770 zie
1391 2739 1538 2777 verder,
1553 2737 1623 2771 blz.
1640 2738 1715 2777 122,
1731 2738 1797 2771 het
1813 2739 1884 2771 uit-

249 2789 390 2822 treksel
409 2791 465 2822 uit
482 2790 647 2824 Kessel's
663 2790 828 2824 Annales
847 2792 1140 2836 Antverpienses,
1153 2801 1254 2825 waar
1271 2802 1361 2825 onze
1379 2793 1431 2826 M.
1451 2793 1585 2827 Petrus
1601 2793 1753 2827 Euenus
1769 2792 1882 2838 vulyo

247 2843 358 2877 rubia
395 2843 497 2879 lance
535 2846 746 2888 aangeduid
778 2847 900 2879 wordt
930 2847 984 2880 als
1018 2861 1033 2874 κ
1069 2848 1233 2881 meester
1264 2848 1393 2881 Pieter
1423 2849 1465 2881 in
1494 2846 1540 2882 de
1567 2847 1693 2883 Roode
1723 2846 1878 2887 Schotel,

250 2898 557 2933 schoolmeester.
578 2915 594 2929 n

293 2953 339 2996 (2)
365 2953 458 2988 Hier
476 2956 593 2993 staan,
613 2954 769 2998 volgens
787 2956 832 2990 de
849 2957 1051 3000 uitgeverS‚
1071 2958 1167 2992 twee
1185 2958 1406 2993 onleesbare
1422 2957 1617 2992 woordem
