2096 3481
817 226 953 260 ANNO
980 226 1062 259 1524
1695 231 1757 264 295

128 337 166 371 in
186 337 285 370 dicta
301 336 463 371 ecclesia
479 337 524 369 de
538 335 748 369 Voirburch
765 336 945 369 residebit
960 345 1001 369 ac
1019 336 1140 369 eidem
1160 337 1195 370 in
1213 338 1367 380 propria
1379 347 1541 380 persona
1555 340 1753 380 deserviet,

123 394 160 426 et
185 393 284 434 quod
308 393 448 425 sectam
473 391 754 428 Lutherianam,
780 400 852 432 que
877 392 950 423 iam
975 391 1090 432 procli
1117 391 1224 424 dolor
1249 395 1394 435 regnat,
1416 404 1488 427 non
1514 395 1665 428 docebit
1685 406 1752 429 nec

123 446 241 480 libros
270 446 371 480 illius
397 447 566 479 doctrine
591 446 694 489 leget
717 448 780 478 aut
809 455 971 487 unquam
1002 447 1038 479 in
1067 447 1176 479 domo
1205 456 1271 480 seu
1298 448 1541 482 habitationis
1566 450 1752 489 observet,

124 502 183 535 vel
212 502 534 535 conversationem
563 502 788 534 cotidianam
817 510 899 533 cum
930 500 1067 542 aliquo,
1094 511 1203 542 quem
1229 503 1298 535 seit
1324 503 1424 535 illius
1448 505 1628 545 pestifere
1653 508 1753 539 secte

125 566 208 590 esse
236 566 301 590 seu
331 557 411 589 iore
441 558 645 593 auctorem,
675 556 844 595 habebit3
875 556 974 596 quod
1001 557 1030 588 si
1061 556 1138 589 ullo
1168 567 1328 598 unquam
1355 559 1523 600 tempore
1551 561 1683 600 postea
1713 570 1753 593 se

125 621 194 654 per
218 620 283 644 sex
309 612 536 644 ebdomadas
558 612 636 653 (sic)
661 611 837 643 continue
856 620 876 643 a
894 611 1099 643 residentia
1121 612 1309 653 personali
1329 613 1426 645 dicte
1443 613 1602 646 ecclesie
1620 615 1750 647 absen-

124 667 233 705 taret,
260 666 340 700 sine
365 675 549 699 consensu
574 666 723 708 patroni
748 665 805 698 vel
831 666 1055 707 patronisse,
1082 666 1118 698 in
1145 668 1312 708 tempore
1337 668 1546 706 existentis,
1572 670 1690 710 petito
1715 671 1753 703 ct

123 721 289 759 obtento,
323 720 379 754 vel
413 721 609 763 probatum
640 721 757 753 fucrit.
787 721 885 761 quod
918 721 1125 753 doctrinam
1158 721 1426 755 Lutherianam
1451 723 1614 761 doceret,
1634 723 1750 757 libros

121 777 267 818 prefate
292 776 461 809 doctrine
480 776 517 808 in
535 775 644 808 domo
669 784 736 807 sua
760 776 922 808 scienter
939 775 1108 813 liaberet,
1129 775 1185 808 vel
1205 786 1243 808 se
1262 777 1306 809 de
1332 776 1546 810 huiusmodi
1571 779 1751 820 pestifera

121 832 224 864 secta
250 831 511 868 intromiserit,
538 839 582 863 eo
607 831 742 863 eventu
767 830 847 872 ipse
873 831 1045 862 dmninus
1068 830 1262 863 Johannes
1287 831 1332 864 (10
1356 832 1454 864 facto
1483 833 1556 865 erit
1584 834 1751 875 privatus

121 885 282 919 ecclesia
304 886 485 928 predicta,
513 887 550 918 et
573 886 754 927 patronus
779 894 843 918 5011
869 885 1092 927 patronissa,
1120 886 1157 918 in
1183 887 1351 927 tempore
1380 887 1557 926 existens,
1588 889 1745 921 eandem

121 940 330 978 eeclesiam,
372 949 414 974 ac
452 941 484 973 si
523 949 591 982 per
629 941 789 973 mortem
828 940 885 973 vel
925 940 1083 973 liberam
1114 941 1409 983 resignationem
1442 944 1602 981 vacaret,
1639 943 1749 977 alteri

121 996 331 1037 cuicunque
349 995 468 1029 libere
485 996 659 1028 conferre
672 995 823 1028 valebit.

161 1051 209 1084 Et
232 1060 301 1093 pro
318 1051 451 1084 maiori
470 1051 671 1084 securitate
695 1051 965 1092 premissorum
989 1052 1156 1092 prefatus
1175 1052 1346 1084 dominus
1363 1052 1556 1086 Johannes
1575 1055 1746 1087 omnibus

118 1105 339 1139 melioribus
356 1106 479 1144 modo,
498 1105 570 1141 via,
589 1106 683 1143 iure,
702 1114 815 1138 causa
831 1106 868 1138 et
892 1106 1024 1144 forma,
1045 1107 1179 1146 quibus
1203 1106 1337 1139 melius
1362 1108 1399 1139 et
1424 1108 1606 1140 efficatius
1624 1110 1747 1150 potuit

122 1161 160 1194 et
186 1161 327 1199 debuit,
346 1161 471 1202 potest
499 1162 536 1194 et
568 1160 690 1198 debet,
717 1160 912 1193 constituit
937 1162 974 1193 ct
998 1161 1186 1193 ordinavit
1209 1171 1296 1193 suos
1315 1163 1439 1194 certos
1458 1164 1495 1195 ct
1512 1163 1743 1196 indubitatos

118 1218 383 1258 procuratores
425 1215 705 1253 irrevocabiles,
750 1215 894 1248 50111001
934 1215 1170 1249 venerabiles
1213 1226 1254 1249 ac
1297 1217 1589 1258 circumspectos
1630 1219 1743 1258 viros,

115 1271 286 1304 dominos
311 1273 349 1304 ct
372 1271 574 1313 magistros
598 1271 754 1303 Petrum
779 1271 824 1303 de
849 1271 990 1309 Gouda,
1017 1271 1198 1304 decanum
1227 1272 1264 1303 in
1290 1271 1532 1314 Naeldwyck,
1561 1273 1745 1306 Jacobum

116 1326 161 1359 de
187 1326 328 1365 Gouda,
358 1328 528 1359 curatum
558 1326 595 1358 in
623 1325 855 1364 &Vasscnain
885 1325 1120 1359 Gherardum
1151 1326 1195 1358 de
1224 1326 1348 1368 Myda,
1378 1326 1505 1369 legum
1537 1327 1743 1368 doctorem,

113 1381 371 1415 consiliarium
403 1382 534 1414 domus
574 1381 619 1414 (10
657 1381 878 1413 Wassenair
915 1381 1097 1422 predicte,
1139 1390 1284 1414 necnon
1325 1391 1454 1415 omnes
1493 1383 1531 1416 01
1570 1383 1740 1426 singulos

111 1437 355 1480 presbiteros,
388 1437 559 1474 elericos,
593 1437 772 1475 notariOS,
802 1445 999 1469 causarum
1026 1438 1305 1478 procuratores,
1336 1446 1495 1478 quorum
1526 1439 1678 1471 nomina
1705 1441 1743 1472 et

112 1492 338 1535 cognomina
363 1501 432 1534 pro
461 1492 692 1524 sufficienter
719 1500 898 1533 expressa
925 1491 1056 1524 haberi
1083 1491 1214 1530 voluit,
1245 1493 1282 1524 et
1310 1491 1516 1533 quemlibet
1544 1502 1675 1526 corum
1702 1495 1740 1527 in

109 1546 282 1586 solidum,
309 1547 355 1580 ad
380 1547 496 1589 ipsius
522 1547 663 1579 domini
688 1547 952 1579 constituentis
978 1556 1113 1579 nomen
1138 1548 1176 1580 et
1199 1555 1267 1588 pro
1293 1556 1350 1585 eo,
1376 1547 1413 1579 in
1439 1549 1575 1581 eventu
1600 1558 1672 1589 quo
1699 1558 1739 1582 50

109 1601 209 1635 ultra
225 1611 291 1636 sex
309 1602 534 1635 ebdomadas
559 1601 813 1634 absentaverit
837 1611 859 1635 a
881 1602 1088 1635 residentia
1111 1601 1269 1635 ecclesie
1285 1603 1467 1644 predicte,
1493 1602 1551 1636 vel
1570 1604 1740 1637 doctrine

107 1656 337 1690 Lutberiane
365 1666 405 1690 50
433 1657 693 1695 111110111150111,
723 1657 849 1689 statim
877 1658 915 1690 01
945 1656 1047 1689 111100
1076 1657 1342 1699 resignandam
1371 1657 1508 1690 dictam
1539 1658 1737 1692 ecclesiam

109 1712 154 1744 de
171 1711 383 1745 Voirburch
400 1713 438 1744 in
455 1712 627 1744 manibus
645 1712 827 1744 ordinarii
852 1711 937 1750 1001,
965 1712 1011 1744 ad
1036 1711 1238 1744 utilitatem
1262 1712 1517 1754 cuiuscunque
1533 1713 1737 1754 presbiteri

105 1765 163 1800 vel
181 1766 322 1806 elerici,
348 1776 416 1808 per
433 1767 626 1799 dominum
649 1768 849 1808 patronum
867 1766 922 1800 vel
941 1767 1204 1808 patronissam,
1223 1776 1291 1809 pro
1310 1769 1479 1809 tempore
1496 1769 1733 1808 existentem,

107 1822 336 1861 nominandi,
370 1822 582 1863 iuravitque
614 1822 769 1863 insuper
807 1822 906 1854 idem
939 1822 1112 1854 dominus
1139 1822 1372 1855 constituens
1402 1832 1471 1864 per
1503 1824 1632 1856 sancta
1663 1824 1734 1857 Dei

103 1877 322 1920 Evangelia,
357 1877 456 1918 quod
490 1885 647 1918 presens
678 1877 750 1909 hoc
781 1886 889 1909 suum
920 1877 1222 1918 procuratorium
1258 1887 1332 1910 non
1363 1878 1567 1917 revocabit,
1600 1877 1730 1912 volens

103 1931 198 1965 illud
211 1933 393 1974 perpetuo
412 1933 542 1965 tenere
560 1932 628 1964 sub
642 1941 739 1974 pena
753 1932 955 1965 iuramenti
969 1933 1006 1965 et
1019 1933 1195 1974 periurii3
1210 1933 1434 1974 promittens
1448 1933 1545 1966 idem
1560 1933 1732 1966 dominus

102 1987 348 2024 constituens,
382 1986 571 2029 legittima
603 1986 648 2019 ob
681 1986 752 2019 hoc
780 1987 817 2019 in
850 1987 1022 2020 manibus
1053 1987 1127 2019 mei
1160 1987 1294 2028 notarij
1327 1987 1470 2029 publici
1500 1988 1733 2030 infrascripti

102 2041 377 2074 interveniente
406 2041 662 2083 stipulatione,
694 2050 733 2074 50
761 2042 896 2080 ratum,
927 2043 1076 2084 gratum
1105 2043 1215 2083 atque
1243 2043 1393 2075 firmum
1419 2044 1602 2084 perpetuo
1628 2043 1731 2076 habi-

102 2097 227 2129 turum
253 2097 372 2129 totum
389 2096 427 2128 id
444 2098 481 2129 ct
499 2096 676 2137 quicquid
694 2105 761 2138 per
779 2096 897 2129 dictos
915 2106 1002 2129 suos
1026 2098 1291 2139 procuratores
1316 2099 1353 2130 01
1377 2106 1508 2130 00111111
1525 2097 1732 2139 quemlibet

101 2152 236 2190 actum,
263 2152 402 2184 dictum
427 2151 613 2184 factumve
638 2151 765 2190 fuerit,
792 2160 857 2184 seu
883 2151 975 2184 alias
999 2151 1254 2192 quorumlibet
1276 2154 1532 2194 procuratum,
1559 2151 1731 2186 relevans

101 2206 366 2239 nichilominus
391 2206 542 2239 eosdem
567 2207 799 2239 cuniunctim
825 2208 862 2239 ct
887 2207 1035 2239 divisim
1053 2207 1097 2239 ab
1116 2207 1217 2239 omni
1235 2216 1362 2246 onere,
1383 2207 1473 2248 ipsis
1491 2216 1556 2240 seu
1574 2207 1731 2241 cuilibet

99 2271 230 2295 eorum
262 2263 545 2303 premissorum,
576 2262 773 2294 occasione
806 2261 1061 2302 quorumlibet
1091 2262 1342 2301 incumbente,
1377 2263 1444 2294 sub
1477 2262 1664 2304 ypotheca
1691 2265 1729 2297 01

99 2317 329 2360 obligatione
361 2318 527 2350 omnium
559 2318 597 2350 01
628 2316 863 2359 singulorum
895 2317 1079 2349 bonorum
1111 2326 1263 2349 suorum
1303 2317 1497 2350 mobilium
1529 2319 1567 2350 et
1598 2318 1726 2351 immo-

97 2372 242 2411 bilium,
261 2373 495 2414 presentium
513 2374 550 2405 01
566 2373 793 2410 futurorum,
821 2381 862 2404 ae
887 2371 1055 2413 qualibet
1079 2371 1153 2405 alia
1170 2372 1262 2404 iuris
1280 2374 1318 2405 01
1334 2373 1422 2404 faeti
1440 2373 1727 2407 renunciatione

97 2428 143 2460 ad
174 2427 245 2460 hec
277 2428 490 2460 necessaria
520 2428 664 2469 pariter
695 2429 733 2460 et
764 2427 922 2460 cautela.
958 2427 1078 2469 Super
1109 2427 1244 2468 quibus
1276 2427 1448 2460 omnibus
1488 2429 1526 2460 et
1565 2427 1726 2471 singulis

95 2482 380 2524 prenominatus
413 2483 586 2516 dominus
617 2483 850 2515 constituens
882 2483 990 2524 petiJ't
1021 2492 1043 2515 a
1072 2491 1132 2515 me
1172 2483 1318 2515 notario
1358 2482 1612 2524 infrascripto,
1655 2483 1727 2516 sibi

94 2537 228 2570 confici
247 2547 362 2570 unum
379 2537 436 2571 vel
454 2537 564 2579 plura
579 2537 771 2580 publicum
796 2547 860 2571 seu
886 2537 1035 2580 publica
1059 2537 1096 2570 in
1122 2537 1270 2570 meliori
1295 2538 1416 2570 forma
1432 2537 1723 2571 instrumentum

95 2593 160 2625 aut
176 2592 438 2625 instrumenta.

126 2646 222 2680 Acta
245 2649 332 2680 sunt
355 2647 425 2681 hec
449 2647 568 2690 Hagis
593 2648 630 2681 in
656 2649 766 2681 domo
791 2647 1077 2681 inhabitationis
1101 2647 1307 2690 supradicti
1324 2647 1464 2680 domini
1489 2649 1528 2680 et
1550 2648 1723 2690 magistri

93 2702 199 2736 Petri
224 2703 269 2735 de
293 2703 435 2741 Gouda
463 2704 593 2736 decani
617 2704 656 2736 in
681 2703 924 2745 Naeldwyck
943 2703 1015 2736 sita
1037 2703 1138 2736 infra
1161 2705 1290 2745 scepta
1312 2703 1415 2736 curie
1435 2702 1634 2745 Hagensis,
1653 2703 1721 2736 sub

93 2766 205 2795 anno.
230 2757 449 2795 indictione,
477 2767 618 2798 mense,
644 2759 715 2797 (110,
742 2759 837 2791 hora
853 2760 891 2791 01
906 2758 1139 2800 pontificatu,
1166 2758 1300 2800 quibus
1325 2767 1450 2800 supra,
1477 2757 1717 2799 presentibus

92 2812 232 2845 ibidem
249 2811 418 2845 honestis
443 2813 534 2845 viris
557 2813 694 2856 Egidio
720 2813 798 2846 filio
822 2813 990 2852 Adriani,
1016 2813 1167 2852 clerico,
1187 2816 1224 2846 01
1239 2812 1381 2846 Jacobo
1400 2813 1444 2845 (10
1463 2813 1604 2851 Gouda,
1623 2812 1719 2846 laico

91 2866 345 2900 Traiectensis
377 2867 550 2907 diocesis,
586 2868 744 2902 testibus
778 2869 851 2902 tide
883 2869 1021 2912 dignis,
1054 2869 1099 2902 ad
1132 2869 1257 2901 onmia
1287 2868 1472 2910 premissa
1508 2868 1652 2911 rogatis
1683 2869 1721 2901 ct

89 2921 295 2964 requisitis.
