2096 3481
836 245 974 280 ANNO
1001 246 1083 279 1521
1737 247 1780 279 57

139 360 371 402 picturarum
396 359 576 392 authores
601 359 638 392 ct
662 359 893 395 inventores,
923 358 963 389 et
985 356 1099 389 etiam
1124 357 1210 398 post
1231 355 1443 398 praesentis
1469 355 1635 388 mandati
1659 355 1780 398 publi-

139 415 338 452 cationem,
364 414 626 456 impressores,
645 415 837 455 emptores
854 414 892 445 et
908 412 1137 448 venditores,
1157 412 1220 453 qui
1237 412 1371 443 contra
1385 411 1490 452 jussa
1507 412 1636 444 nostra
1652 412 1778 445 facere

138 469 464 512 praesumpserint
485 469 532 510 (si
557 469 667 501 modo
693 468 730 500 id
748 467 920 510 legitime
944 467 1173 507 constiterit)
1200 476 1345 499 necnon
1370 475 1501 498 eorum
1525 466 1611 506 Jnra
1627 468 1666 499 01
1683 466 1781 499 bona

141 525 267 558 omnia
283 525 321 557 et
343 523 495 566 singula
516 525 677 565 capiant,
705 522 994 564 apprehendant
1016 524 1052 554 et
1079 522 1284 558 detineant,
1310 530 1353 554 ae
1375 521 1460 562 jure
1478 521 1576 553 bono
1601 521 1779 562 quicquid

139 580 211 612 sibi
228 579 378 612 libitum
395 579 523 617 fuerit,
551 579 597 611 de
622 578 698 610 illis
724 578 938 619 disponant,
964 577 1017 609 ita
1041 577 1139 617 quod
1165 577 1210 609 (10
1236 576 1306 609 1100
1324 575 1418 608 nulli
1436 575 1630 608 hominum
1649 578 1723 609 tam
1741 577 1778 609 in

137 635 279 677 judicio
297 643 409 675 quam
426 635 535 667 extra
551 633 784 675 respondere
802 633 878 665 sint
895 632 1067 674 obligati.

182 689 306 730 Atque
331 691 372 722 ut
388 689 509 721 omnis
534 689 765 730 ejuscemodi
784 690 821 720 ct
838 687 999 720 aliorum
1017 696 1191 720 errorum
1210 687 1357 719 occasio
1376 685 1544 723 tollatur,
1563 688 1602 718 et
1626 696 1672 719 ne
1690 686 1781 719 talia

138 745 384 777 scribentium
407 753 551 777 venena
575 743 688 785 longe
714 743 864 784 lateque
890 743 1161 780 diffundantur,
1188 742 1254 775 sed
1276 741 1514 784 praeclarum
1539 741 1779 783 imprimendi

138 799 256 832 libros
284 799 486 832 artificium
515 799 553 832 in
582 799 701 831 bonos
730 799 875 831 tantum
903 800 942 830 01
970 797 1178 830 laudabiles
1207 806 1296 830 usus
1325 798 1569 836 exerceatur3
1598 806 1645 829 cx
1676 797 1781 829 certa

138 856 268 887 nostra
294 855 452 887 scientia
478 855 679 894 animoque
708 853 930 891 deliberato,
962 862 1004 885 ae
1033 852 1222 894 imperiali
1250 853 1432 895 regiaque
1461 851 1703 889 authoritate,
1734 852 1780 884 (10

138 911 286 942 maturo
318 910 623 951 supradictorum
648 909 855 942 electorum
881 912 920 941 et
943 908 1105 941 aliorum
1130 908 1227 941 sacri
1248 907 1411 940 Romani
1440 907 1589 948 imperii
1615 909 1779 939 statuum

137 965 309 1003 consilio,
351 965 626 998 deliberatione
665 967 704 997 01
742 964 911 997 unanimi
950 973 1149 1003 consensu,
1194 963 1366 996 volumus
1406 965 1445 995 01
1482 962 1550 994 501)
1590 961 1703 994 banni
1743 963 1781 994 et

137 1020 329 1053 interdicti
347 1020 568 1062 imperialis,
588 1030 631 1052 ac
649 1019 737 1052 aliis
751 1020 951 1052 antedictis
975 1020 1108 1061 poenis
1133 1018 1386 1061 praecipimus
1403 1021 1441 1050 ct
1455 1018 1630 1059 jubemus
1649 1019 1779 1049 tenore

136 1075 348 1117 praesentis
365 1075 492 1113 edicti,
519 1075 619 1115 quod
643 1075 717 1107 vim
743 1074 973 1107 inviolabilis
998 1074 1094 1117 legis
1119 1074 1260 1107 habere
1285 1073 1544 1112 decernimus3
1570 1081 1616 1105 ne
1633 1072 1717 1112 quis
1734 1072 1780 1104 (10

136 1132 287 1164 caetero
315 1130 618 1173 chalcographus
647 1132 685 1163 et
712 1129 897 1162 librorum
925 1130 1132 1171 impressor
1159 1130 1224 1161 aut
1251 1128 1348 1161 alius
1376 1127 1498 1168 quivis
1526 1126 1686 1159 ubilibet
1712 1136 1780 1167 per

136 1194 284 1218 sacrum
322 1185 523 1227 imperium
563 1188 675 1226 atque
716 1187 846 1218 nostra
883 1185 1079 1226 praedicta
1116 1193 1237 1227 regna
1275 1186 1314 1216 et
1352 1183 1519 1215 dominia
1552 1182 1779 1214 constitutus

136 1239 254 1273 libros
280 1240 378 1272 ullos
402 1250 469 1273 seu
495 1240 607 1273 aliam
625 1249 887 1281 quamcunque
904 1240 1143 1281 scripturam,
1164 1240 1201 1271 in
1220 1239 1355 1280 quibus
1373 1239 1418 1271 de
1436 1237 1552 1271 sacris
1570 1236 1691 1269 literis
1716 1238 1781 1268 aut

135 1295 210 1329 fide
236 1295 424 1328 catholica
448 1295 590 1337 aliquid
615 1295 673 1328 vel
699 1295 896 1328 minimum
922 1297 1117 1331 tractatur,
1145 1304 1219 1327 non
1244 1294 1373 1327 habito
1398 1294 1503 1335 prius
1532 1301 1718 1325 consensu
1741 1294 1781 1324 et

134 1350 329 1384 voluntate
346 1351 530 1383 ordinarii
547 1350 633 1389 loci,
649 1352 714 1383 aut
731 1351 812 1391 ejus
831 1351 877 1383 ad
894 1350 966 1382 hoe
982 1350 1177 1383 substituti
1195 1351 1232 1382 ct
1249 1349 1431 1391 deputati,
1447 1357 1531 1381 cum
1548 1347 1779 1380 authoritate

135 1406 250 1438 etiam
289 1405 480 1438 facultatis
520 1405 758 1448 theologicae
798 1405 958 1447 alicujus
993 1406 1228 1447 propinquae
1264 1404 1522 1437 universitatis
1556 1412 1625 1444 pro
1657 1402 1781 1444 prima

137 1460 315 1494 videlicet
332 1461 599 1503 impressione3
619 1461 713 1494 alios
730 1470 819 1494 vero
838 1462 1096 1503 cujuscunque
1113 1461 1169 1493 rei
1187 1462 1224 1493 et
1241 1460 1431 1493 facultatis
1449 1459 1579 1496 libros,
1598 1457 1779 1490 schaedas

134 1517 173 1549 et
198 1516 379 1558 picturas,
411 1517 456 1549 de
486 1526 672 1549 consensu
701 1516 835 1550 saltem
863 1517 1060 1555 ordinarii,
1091 1518 1156 1548 aut
1183 1516 1265 1557 ejus
1293 1516 1339 1556 ad
1368 1515 1440 1547 hoe
1467 1513 1674 1551 substituti,
1701 1512 1778 1545 ullo

135 1573 246 1613 pacto
284 1572 503 1613 imprimere
542 1571 601 1604 vel
640 1572 804 1605 vendere
836 1571 894 1604 vel
926 1572 1093 1613 imprimi
1132 1570 1190 1604 vel
1231 1571 1342 1604 vendi
1374 1571 1511 1608 facere,
1546 1569 1689 1601 directe
1720 1567 1778 1600 vel

136 1626 334 1666 indirecte,
361 1636 510 1668 quoquo
536 1628 647 1659 modo
671 1629 889 1668 praesumat
913 1629 978 1659 aut
1002 1628 1174 1660 attentet.

181 1681 288 1721 Quod
305 1682 337 1714 si
368 1683 464 1723 quis,
498 1683 756 1724 cujuscunque
796 1683 845 1715 sit
884 1683 1093 1725 dignitatis,
1134 1682 1274 1725 gradus
1313 1684 1378 1714 aut
1412 1679 1652 1715 conditionis.
1672 1679 1774 1711 hanc

135 1739 305 1770 nostram
329 1739 506 1775 mentem,
527 1738 733 1776 decretum,
753 1739 948 1776 statutum,
967 1737 1092 1781 legem
1117 1740 1155 1770 01
1182 1737 1472 1774 ordinationem,
1491 1737 1528 1768 in
1547 1735 1720 1767 omnibus
1742 1735 1781 1766 et

134 1793 294 1835 singulis
319 1793 558 1835 supradictis,
587 1796 661 1825 tani
687 1793 942 1826 Lutheranam
968 1803 1079 1834 qnam
1105 1793 1387 1835 impressoriam
1412 1791 1608 1824 materiam
1633 1798 1782 1822 concer-

133 1848 322 1886 nentibus,
342 1848 614 1881 inviolabiliter
631 1849 917 1887 observandam,
935 1848 1011 1880 ullo
1029 1851 1138 1890 pacto
1157 1851 1221 1881 aut
1239 1849 1370 1889 quovis
1388 1847 1558 1889 quaesito
1577 1845 1704 1878 colore
1721 1844 1779 1877 1-οΙ

132 1903 287 1945 ingenio
305 1904 564 1936 contrafacere
582 1906 647 1936 aut
663 1904 794 1936 venire
811 1914 905 1936 ausu
928 1904 1132 1937 temerario
1156 1904 1466 1945 praesumpserit,
1493 1903 1645 1943 praeter
1669 1910 1780 1942 quam

133 1959 233 1999 quod
249 1957 344 1990 illud
369 1959 519 1991 irritum
545 1959 784 1992 decernimus
801 1962 840 1992 et
857 1960 982 1997 inane,
1010 1960 1123 1992 etiam
1142 1960 1179 1991 in
1198 1959 1323 1992 laesae
1340 1958 1550 2000 majestatis
1568 1957 1711 1989 crimen
1737 1966 1780 1988 ac

134 2014 301 2046 nostram
329 2016 367 2046 01
395 2014 492 2046 sacri
526 2015 676 2056 imperii
709 2015 971 2057 gravissimam
1000 2015 1313 2057 indignationem,
1344 2013 1708 2056 proscriptionisque
1741 2012 1780 2043 et

133 2068 247 2101 banni
279 2078 322 2101 ac
354 2069 545 2101 interdicti
577 2069 798 2111 imperialis,
834 2079 979 2103 necnon
1013 2070 1106 2102 alias
1143 2079 1255 2112 saepe
1288 2070 1406 2102 dictas
1438 2077 1578 2111 poenas
1611 2077 1663 2105 se,
1698 2067 1778 2108 ipso

131 2125 244 2162 facto,
270 2124 475 2157 incurrisse
500 2127 716 2167 cognoscat,
743 2125 878 2158 harum
907 2126 1123 2158 testimonio
1150 2125 1359 2164 literarum,
1379 2124 1497 2167 sigilli
1515 2123 1636 2155 nostri
1661 2122 1779 2154 muni-

132 2179 234 2211 mine
258 2179 534 2212 roboratarum.

177 2234 314 2267 Datum
345 2235 384 2267 in
417 2235 568 2268 civitate
601 2238 731 2269 nostra
761 2236 951 2278 imperiali
984 2236 1212 2272 wormacia,
1247 2237 1308 2269 die
1340 2238 1471 2268 octava
1502 2234 1642 2267 mensis
1671 2232 1776 2273 Maji‚

133 2298 231 2322 anno
250 2290 401 2322 Domini
419 2290 620 2323 millesimo
639 2292 944 2334 quingentesimo
962 2292 1140 2325 vicesimo
1158 2293 1293 2334 primo,
1312 2300 1518 2334 regnorum
1538 2291 1752 2322 nostrorum
1769 2297 1776 2319 :

130 2344 293 2378 Romani
318 2346 495 2383 secundo,
522 2351 762 2379 caeterorum
787 2357 876 2394 vero
902 2348 1070 2380 omnium
1096 2350 1216 2381 sexto,

485 2418 560 2451 Hct
583 2420 769 2461 origineel
795 2420 949 2453 bevindt
972 2419 1053 2452 zich
1078 2420 1115 2452 in
1134 2420 1199 2453 het
1215 2419 1467 2452 Vatikaansch
1488 2419 1652 2456 Arvnics,
1672 2418 1775 2451 Arni.

528 2474 577 2511 II,
607 2485 707 2517 caps.
738 2475 767 2513 Ι,
799 2481 838 2507 n1·
868 2475 922 2507 92.
957 2475 1036 2508 Een
1070 2478 1193 2509 ecrste
1226 2475 1323 2508 druk
1355 2485 1468 2508 ervan
1503 2474 1708 2507 verscheen
1740 2475 1778 2506 10

529 2529 679 2563 Leuvcn
705 2540 751 2564 cn
776 2531 931 2564 bevindt
955 2530 1035 2563 zich
1053 2531 1090 2563 in
1109 2531 1174 2564 het
1198 2531 1279 2564 Vat.
1299 2531 1467 2566 Archict'.
1492 2529 1584 2563 Acta
1611 2529 1777 2562 Worma-

526 2595 621 2618 cens.
640 2595 687 2618 en
705 2587 807 2619 werd
827 2587 1042 2629 nagedrukt
1060 2588 1094 2619 te
1111 2587 1353 2628 Antwerpcn,
1370 2587 1419 2627 bij
1437 2586 1591 2619 W'illem
1606 2586 1776 2618 Yorster-

527 2650 625 2678 man,
645 2642 764 2674 onder
788 2642 859 2674 den
880 2641 984 2674 titel:
1013 2642 1136 2675 Caroli
1163 2642 1289 2680 Quinti
1313 2641 1450 2686 Imp....
1478 2641 1639 2675 edictum
1664 2643 1776 2685 impe·

526 2695 624 2729 riale
712 2701 841 2730 contra
868 2696 911 2729 F.
940 2697 1149 2730 Marcinum
1168 2696 1374 2731 Lueherum
1404 2696 1526 2730 Sancti
1557 2697 1773 2740 Augustini,

526 2760 604 2783 enz.
625 2752 693 2791 (zie
712 2752 790 2784 Van
810 2753 877 2784 (101·
894 2751 1022 2793 VVulp.
1041 2752 1237 2796 Calaloyus
1250 2763 1324 2785 van
1342 2757 1531 2791 tractaten,
1544 2753 1774 2797 pamfletten,

524 2816 626 2847 ens„
645 2807 752 2841 Isaac
770 2807 977 2846 Μειιῖητανι,
996 2808 1079 2841 deel
1098 2808 1126 2845 1,
1146 2808 1215 2840 blz.
1235 2808 1281 2850 9).
1298 2809 1378 2841 Εο11
1391 2808 1608 2850 exeniplaar
1621 2809 1775 2842 bevindt

526 2862 605 2894 zich
632 2865 689 2895 ter
707 2863 951 2896 Bibliotheek
968 2863 1035 2896 der
1052 2864 1241 2897 Gentschc
1266 2863 1531 2907 Hoogcschool
1558 2865 1595 2896 in
1615 2865 1659 2897 (10
1684 2864 1773 2897 Ver·
1792 2858 1797 2863 ’

525 2917 710 2957 zameling
735 2918 938 2958 Menlman,
965 2919 1048 2952 deel
1074 2919 1104 2956 I,
1124 2919 1192 2951 blz.
1215 2920 1254 2958 ἒς
1275 2930 1343 2953 0011
1361 2920 1479 2953 ander
1504 2920 1541 2952 in
1567 2921 1612 2951 (10
1634 2919 1771 2952 Biblio-

525 2972 640 3006 thcek
664 2983 734 3006 van
763 2973 922 3016 BerliJn.
952 2974 1066 3008 Latcr
1094 2976 1197 3009 werd
1229 2975 1295 3009 het
1325 2975 1426 3010 edict
1457 2976 1683 3019 nitgegcvcn
1715 2975 1768 3017 bij
