2096 3481
310 258 372 290 428
1006 250 1142 285 ANNO
1170 250 1253 284 1525

308 366 477 398 invocato
495 363 649 396 brachio
667 361 865 398 saeculari,
881 361 949 402 (sic
966 361 1066 394 enim
1083 359 1308 401 loquimini).
1323 359 1460 392 mirum
1473 359 1511 391 in
1525 360 1675 392 modum
1689 360 1870 401 desaevijt
1893 360 1932 392 in

309 431 386 458 cos,
421 419 483 460 qui
514 420 553 451 in
586 426 691 450 suam
720 417 878 458 pedibus
906 416 961 448 ire
994 415 1220 448 sententiam
1248 414 1462 447 noluerunt.
1493 414 1578 447 Utri
1605 423 1697 456 ergo
1726 413 1934 457 Evangelio

308 476 559 507 consentanee
585 472 705 514 magis
729 471 884 507 faciunt,
914 479 1043 511 vosne,
1067 470 1130 510 qui
1156 478 1240 502 cum
1265 469 1388 507 Arrio,
1415 478 1483 501 ceu
1508 477 1614 502 acres
1640 468 1733 510 lupi,
1762 468 1934 501 mactatis

310 533 345 562 vt
374 529 523 561 laniatis
556 527 712 559 miseras
742 525 933 558 oviculas:
961 534 1006 557 an
1038 534 1118 559 nos.
1149 524 1212 565 qui
1240 533 1322 557 eam
1350 524 1654 565 persequutionis
1682 524 1822 557 sortem
1850 532 1935 556 cum

308 583 488 626 Apostolo
506 583 543 615 et
557 581 687 615 electis
705 580 877 613 omnibus
894 580 1083 621 patienter
1098 579 1278 611 ferimus?

354 636 615 671 Enchusanus.
636 635 743 674 Quod
760 644 824 667 vos
850 635 1039 668 neminem
1063 634 1211 676 cogitis,
1231 635 1366 676 negata
1392 633 1496 666 vobis
1521 633 1686 676 potestas
1712 634 1749 666 id
1773 633 1937 667 faciendi

310 695 347 726 in
366 701 479 725 causa
496 695 563 725 est.

361 747 577 780 us'ordenas.
597 746 726 787 Ecqua
741 746 948 787 postestate
973 754 993 777 a
1018 745 1097 778 Deo
1115 745 1220 777 vobis
1237 743 1373 776 tradita
1391 753 1458 776 nos
1476 744 1521 776 ad
1539 743 1763 786 supplicium
1779 743 1937 785 rapitis?

311 803 434 836 securi
453 803 663 844 subjicitis?
680 801 859 833 exuritis?
875 801 1069 832 mactatis?
1087 801 1124 832 et
1139 799 1318 841 perditis?

354 855 608 892 Enchusanus.
629 857 763 889 Nonne
780 855 962 897 scriptum
979 857 1036 888 est
1051 864 1058 887 :
1079 868 1095 881 ιι
1114 854 1243 888 Omnis
1261 855 1428 896 potestas
1446 863 1468 886 a
1484 854 1643 886 Domino
1662 855 1741 887 Deo
1759 854 1840 888 est?
1858 868 1873 882 n
1889 852 1938 894 (1)

309 915 357 947 Et
372 915 486 947 item:
508 928 523 939 ιι
543 912 673 946 Omnis
690 912 815 945 anima
831 910 1080 952 potestatibus
1105 909 1417 942 eminentioribus
1441 910 1591 942 subdita
1614 909 1685 942 sit?
1701 924 1716 937 n
1736 909 1784 951 (2)
1801 908 1937 942 Nonne

308 971 347 1003 et
363 968 503 1002 Paulus
521 968 611 1000 dicit
630 976 638 999 z
659 981 673 993 ιι
694 966 853 1000 Obedite
869 965 1096 1007 praepositis
1112 964 1260 1002 vestris,
1280 964 1393 997 etiam
1411 964 1597 1006 dyscolis?
1615 979 1630 992 ss
1647 964 1694 1005 (3)

360 1023 576 1057 Worclenas.
597 1022 677 1055 Hoc
694 1023 940 1063 postremum,
960 1029 1006 1053 ne
1024 1029 1141 1058 erres,
1161 1029 1181 1051 ο
1199 1018 1406 1060 praeclare,
1426 1028 1500 1051 non
1517 1020 1575 1052 est
1591 1018 1713 1057 Pauli,
1732 1018 1798 1052 sed
1815 1018 1935 1052 Petri.

309 1079 463 1112 Adeone
489 1077 687 1111 exercitati
712 1077 802 1109 estis
826 1076 864 1108 in
891 1075 1024 1117 primis
1049 1074 1265 1116 Scripturae
1290 1073 1394 1112 locis,
1413 1075 1455 1106 ut
1471 1073 1669 1107 authorem
1685 1082 1754 1115 pro
1779 1072 1938 1106 authore

311 1134 460 1167 citetis?
477 1133 583 1172 Quod
601 1133 631 1165 si
650 1131 810 1164 Paulum
828 1139 976 1172 quoque
993 1130 1096 1162 recte
1113 1129 1364 1170 inspiceretis,
1384 1138 1457 1161 non
1481 1129 1700 1162 iudicaretis
1725 1137 1811 1162 eum
1834 1127 1937 1169 loqui

311 1190 356 1222 de
373 1190 498 1222 vestra
515 1188 584 1220 hac
602 1196 712 1228 quam
728 1186 890 1224 iactatis,
908 1187 1107 1227 potestate.

352 1243 613 1277 Enchusanzcs.
642 1242 741 1275 Num
769 1243 808 1274 tu
839 1240 990 1273 docebis
1018 1250 1085 1273 nos
1115 1239 1300 1280 quomodo
1329 1238 1585 1281 intelligamus
1613 1238 1786 1277 Paulum,
1819 1238 1938 1280 impu·

311 1300 425 1332 dens?
450 1298 633 1340 Equidem
658 1297 823 1330 arbitror
845 1305 912 1328 nos
937 1295 1087 1337 saepius
1111 1294 1250 1337 legisse
1276 1293 1449 1331 Paulum,
1475 1303 1586 1336 quam
1611 1295 1664 1332 tu,
1679 1293 1937 1335 theologaster

311 1354 480 1397 parvule.

362 1408 580 1442 Wordenas.
607 1408 680 1441 Sed
709 1407 798 1448 quid
825 1406 988 1439 recitant
1010 1406 1049 1438 in
1074 1404 1212 1438 scholis
1240 1405 1372 1446 pueri?
1399 1404 1557 1447 Legere,
1587 1404 1773 1446 inquiunt,
1800 1404 1838 1437 et
1861 1412 1936 1436 non

309 1464 540 1507 intelligere,
560 1463 756 1506 negligere
773 1463 842 1495 est.

354 1518 625 1554 Rosemundus.
645 1518 803 1551 Omissis
816 1516 1039 1555 maledictis,
1059 1516 1148 1558 quid
1166 1516 1291 1549 tamen
1309 1515 1402 1548 dicis
1416 1515 1462 1548 ad
1475 1515 1546 1547 hoc
1565 1524 1572 1547 :
1593 1528 1608 1541 ιι
1625 1514 1755 1548 Omnis
1770 1514 1936 1556 potestas

312 1584 333 1607 a
350 1576 428 1608 Deo
446 1576 525 1607 est?
547 1591 562 1603 ,ι

360 1629 576 1662 Wordenas.
604 1629 698 1661 Eum
723 1628 847 1660 locum
876 1626 970 1659 nihil
996 1627 1042 1659 ad
1067 1636 1132 1658 vos
1156 1626 1363 1668 pertinere.
1390 1625 1461 1658 Hic
1480 1625 1581 1658 enim
1605 1633 1679 1657 non
1704 1624 1777 1657 nisi
1800 1623 1937 1666 magis-

310 1685 426 1717 tratui
457 1687 495 1718 et
524 1684 715 1726 potestati,
746 1691 857 1724 quam
884 1682 1038 1720 vocatis,
1068 1680 1266 1721 saeculari,
1298 1681 1356 1713 ius
1388 1679 1506 1722 gladii
1537 1679 1682 1717 tribuit,
1715 1689 1789 1712 non
1820 1677 1937 1711 vestri

310 1740 453 1772 ordinis
470 1739 697 1777 hominibus,
713 1738 900 1779 episcopis
918 1739 955 1770 et
972 1736 1231 1769 sacerdotibus
1246 1736 1292 1777 (4)
1309 1745 1315 1767 :
1336 1745 1494 1776 quorum
1513 1744 1558 1767 ex
1575 1735 1746 1776 professo
1763 1734 1935 1771 interest,

309 1794 437 1837 gladio
461 1795 615 1836 spiritus
632 1802 814 1836 pugnare,
834 1792 933 1833 quod
951 1793 1007 1824 est
1025 1792 1179 1824 verbum
1197 1791 1280 1823 Dei.
1299 1790 1410 1823 quta
1425 1789 1520 1822 illud
1535 1789 1740 1831 Apostolus
1759 1798 1767 1821 :
1787 1802 1803 1816 ιι
1820 1789 1938 1821 Arma

310 1851 439 1882 nostra
463 1859 536 1881 non
561 1850 648 1881 sunt
672 1847 850 1884 carnalia,
877 1848 943 1880 sed
968 1846 1192 1888 spiritualia.
1214 1861 1229 1873 „
1250 1846 1368 1883 Quid?
1385 1845 1486 1885 quod
1502 1845 1623 1876 omnis
1639 1843 1937 1886 praeeminentia

309 1905 482 1937 affectum
507 1906 544 1936 et
568 1904 810 1936 ambitionem
834 1902 940 1934 vobis
965 1902 1178 1942 exemptam
1204 1899 1323 1932 voluit
1340 1899 1524 1938 Christus,
1544 1908 1628 1932 cum
1644 1899 1793 1940 inquit:
1816 1911 1832 1925 ιι
1851 1898 1936 1931 Νοῐι

309 1960 363 1992 sic
382 1959 454 1992 erit
470 1960 570 1991 inter
587 1959 675 1990 vos?
694 1973 709 1985 >v

351 2012 612 2048 Enchusanus.
639 2013 747 2045 Nunc
771 2012 980 2045 clarissime
1005 2011 1174 2044 videmus
1192 2011 1228 2043 te
1248 2010 1399 2051 quidem
1423 2009 1584 2042 Paulum
1607 2018 1682 2041 non
1705 2007 1934 2050 intelligere,

310 2072 347 2103 et
378 2079 451 2102 non
483 2069 556 2101 nisi
585 2069 720 2105 obiter,
750 2069 928 2108 tanquam
957 2066 1058 2099 aliud
1084 2067 1272 2108 agentem,
1302 2074 1409 2097 sacra
1435 2063 1577 2106 legere.
1609 2077 1625 2090 ιι
1645 2063 1773 2096 Omnis
1797 2063 1933 2102 anima,

307 2126 431 2166 inquit
447 2124 524 2162 ille,
543 2123 793 2165 potestatibus
812 2138 841 2162 κ,
868 2122 1068 2163 plurative,
1089 2130 1162 2153 non
1186 2120 1366 2162 potestati
1393 2132 1408 2146 ιι
1428 2119 1577 2151 subdita
1601 2118 1659 2150 sit.
1681 2134 1697 2147 ιι
1723 2118 1802 2156 Quo
1819 2118 1934 2150 verbo

308 2188 518 2217 monemur,
560 2189 633 2211 non
669 2179 793 2210 minus
827 2176 1015 2219 spirituali
1049 2185 1159 2217 quam
1193 2174 1378 2208 saeculari
1410 2174 1589 2216 potestati
1624 2173 1790 2211 obedire,
1824 2182 1934 2214 quam

309 2237 494 2275 utranque
512 2233 693 2266 ecclesiae
711 2232 1029 2265 administrationi
1047 2233 1085 2264 et
1100 2229 1332 2272 reipublicae
1349 2229 1608 2262 constitutioni
1630 2228 1801 2261 adhiberi
1817 2227 1936 2261 voluit

310 2291 479 2323 Christus
498 2299 506 2321 :
525 2289 629 2321 iuxta
646 2288 739 2320 illud
759 2298 766 2320 z
788 2302 802 2313 ιι
823 2288 919 2320 Ecce
939 2288 1010 2318 duo
1030 2286 1142 2328 gladij
1163 2286 1223 2317 hic
1237 2285 1298 2326 (5).
1320 2300 1335 2312 ,ι

361 2343 575 2377 Wordenas.
611 2344 690 2376 Imo
718 2343 804 2375 hinc
832 2342 933 2374 clare
960 2342 1109 2378 videtis,
1140 2341 1212 2372 nisi
1241 2340 1343 2372 caeci
1367 2339 1471 2381 estis,
1497 2347 1607 2380 quam
1635 2338 1755 2379 iniqui
1783 2338 1865 2371 sitis
1897 2339 1935 2371 et

310 2401 511 2432 oscitantes
529 2399 744 2440 Scripturae
762 2407 890 2430 sacrae
907 2397 1149 2438 interpretes,
1165 2404 1260 2436 quae
1278 2404 1350 2427 non
1370 2395 1442 2426 nisi
1464 2393 1673 2435 scripturis,
1689 2402 1762 2425 non
1780 2393 1933 2435 somnijs

309 2465 329 2488 c
346 2455 501 2487 cerebro
519 2456 643 2487 vestro
661 2453 843 2487 confictis,
863 2453 998 2485 merito
1026 2452 1161 2484 debeat
1189 2449 1382 2491 explicari.
1406 2449 1568 2482 Obedire
1585 2449 1735 2490 quidem
1751 2448 1933 2490 praecipi-

308 2519 392 2543 mur
409 2510 509 2542 omni
526 2509 711 2541 humanae
735 2509 944 2545 creaturae,
963 2507 1169 2540 secundum
1185 2505 1343 2538 Petrum
1358 2514 1365 2536 :
1387 2517 1402 2531 ιι
1421 2505 1486 2536 aut
1501 2503 1751 2545 potestatibus
1768 2503 1934 2536 eminen-

309 2565 467 2598 tioribus
486 2579 515 2603 n,
535 2565 640 2596 iuxta
655 2563 815 2597 Paulum
835 2573 842 2595 :
864 2576 879 2589 ιι
897 2562 1010 2603 idque
1027 2562 1183 2603 propter
1200 2560 1333 2592 Deum.
1353 2558 1400 2601 (6)
1415 2574 1431 2587 n
1446 2559 1519 2592 Sed
1535 2558 1669 2600 quibus
1684 2558 1933 2600 potestatibus

353 2686 400 2727 (l)
426 2688 473 2718 In
496 2686 669 2727 marqine
689 2695 696 2716 τ
722 2685 780 2717 Ad
796 2685 1003 2723 Romanos,
1023 2683 1076 2714 14.

354 2742 402 2782 (⁶2)
492 2739 598 2777 Idem
690 2750 697 2772 :
724 2740 854 2772 Prima
871 2739 989 2777 Petri,
1008 2739 1041 2770 ⁴2.

354 2796 402 2836 (3)
491 2794 597 2828 Idem
689 2805 696 2827 :
722 2796 905 2827 Autorem
921 2803 990 2835 pro
1009 2794 1141 2825 autore
1158 2792 1276 2825 citant
1293 2790 1498 2833 sophistae.

355 2851 402 2891 (4)
492 2848 597 2883 Idem
689 2860 697 2882 :
724 2849 998 2892 Episcoporum
1014 2848 1172 2881 functio.

357 2906 404 2947 (5)
494 2905 599 2938 Idem
690 2915 697 2937 ε
724 2906 860 2944 Lucae,
879 2905 934 2937 22.

357 2961 404 3002 (6)
494 2959 597 2993 Idem
689 2969 697 2992 :
724 2960 879 3000 Quibus,
898 2960 1083 3001 quatenus
1101 2957 1365 2991 obediendum.
