2096 3481
345 276 406 308 262
1029 271 1165 305 ANNO
1191 271 1274 304 1524

343 386 519 426 hooren.
548 385 606 426 De
625 384 767 439 legaat
790 382 932 425 wordt
953 382 1094 439 gelast
1116 385 1203 425 met
1237 395 1316 425 een
1348 381 1590 424 onderzoek
1615 381 1827 425 daarover
1848 382 1891 424 in
1915 386 1960 426 te

339 453 512 495 stellen.
541 453 619 494 Des
644 451 776 494 noods
799 452 864 493 zal
887 451 946 507 hij
980 451 1030 493 de
1057 450 1162 494 door
1186 450 1377 494 Adriaan
1409 448 1645 494 benoemde
1678 450 1958 506 inquisiteurs

338 536 420 564 van
454 523 543 564 hun
567 519 682 563 ambi
713 519 930 562 berooven
954 533 1008 561 en
1031 532 1282 575 vervangen
1308 519 1413 562 door
1436 534 1573 562 eenen
1597 519 1644 562 of
1663 524 1776 563 twee
1810 521 1857 563 of
1875 522 1959 564 alle

339 605 420 633 van
445 590 496 632 de
531 589 622 631 drie
657 588 925 644 aangeduide
961 588 1267 645 geestelijken:
1303 589 1385 631 den
1424 593 1568 643 proost
1606 603 1689 631 van
1713 589 1955 633 St-Marten

336 664 378 702 te
415 660 594 714 Ieperen
636 657 817 713 (Olivier
854 656 1052 713 medin),
1089 657 1173 699 den
1212 657 1331 712 prior
1371 657 1447 700 der
1485 657 1669 700 Scholen
1702 659 1745 702 te
1786 660 1957 715 Bergen

338 728 556 781 (Nicolaas
574 726 796 780 Houzeau)
814 740 866 768 en
885 726 968 768 den
987 725 1127 768 deken
1147 739 1229 769 van
1247 726 1462 769 St-Pieter
1484 730 1527 770 te
1548 727 1719 770 Leuven
1736 727 1958 783 (Nicolaas

337 795 496 851 Coppin
533 794 584 836 de
618 793 876 849 Montibus),
911 795 971 851 Zij
1008 795 1150 837 zullen
1189 808 1273 837 van
1307 795 1407 838 hem
1433 795 1484 837 de
1516 795 1830 853 gebruikelijke
1865 796 1964 838 vol·-

339 865 538 907 machten
563 863 639 906 der
660 863 899 920 pauselijke
926 863 1209 919 inquisiteurs
1247 867 1514 920 ontvangen.
1541 865 1601 907 De
1623 878 1711 920 nog
1733 864 1961 921 hangende

337 933 554 989 gedingen
577 932 718 975 zullen
737 932 843 975 door
866 932 949 976 hen
966 936 1220 989 voortgezet
1244 933 1291 975 of
1309 946 1419 976 naar
1436 932 1631 976 believen
1651 932 1961 989 herbegonnen

339 1004 533 1048 worden.

396 1087 503 1134 Copie
519 1090 616 1125 dame
628 1092 864 1125 commission
881 1090 925 1125 de
940 1096 1063 1124 nostre
1077 1092 1115 1125 St
1131 1092 1223 1125 Pare
1238 1101 1289 1124 au
1315 1090 1497 1125 Cardinal
1513 1091 1557 1125 de
1574 1091 1625 1125 8²0
1640 1091 1824 1126 Anastase
1837 1091 1898 1136 (1).

378 1158 560 1196 Clemens,
580 1167 677 1199 papa
693 1158 885 1198 septimus,
905 1158 1042 1190 dilecto
1072 1158 1149 1190 filio
1176 1160 1303 1190 nostro
1328 1158 1545 1196 Laurentio,
1566 1158 1674 1190 titulo
1694 1158 1829 1192 Sancte
1845 1159 1959 1192 Anas-

337 1214 428 1246 tasie
446 1214 665 1254 presbytero
691 1212 873 1245 cardinali
898 1215 1025 1245 nostro
1051 1214 1088 1245 et
1105 1213 1310 1254 apostolice
1333 1214 1432 1246 sedis
1449 1213 1574 1255 legato
1593 1214 1638 1246 de
1655 1213 1787 1246 latere.

380 1268 523 1300 Dilecte
542 1267 607 1305 fili,
627 1268 786 1300 salutem
804 1269 841 1300 et
858 1268 1101 1309 apostolicam
1118 1268 1436 1301 benedictionem.

381 1323 422 1355 Id
441 1325 569 1355 nostra
584 1323 762 1364 precipue
790 1323 914 1355 cordis
942 1323 1148 1364 deposcunt
1164 1325 1261 1359 vota,
1280 1325 1321 1355 ut
1338 1333 1430 1364 quos
1458 1324 1622 1356 salvator
1646 1325 1774 1357 noster
1792 1323 1962 1357 Christus

339 1379 513 1420 «lignatus
531 1380 588 1410 est
615 1388 680 1410 suo
709 1378 874 1418 pretioso
903 1379 1086 1420 sanguine
1113 1379 1313 1416 redimere,
1339 1379 1383 1411 ab
1413 1388 1542 1412 eorum
1569 1379 1796 1421 precipiciis,
1826 1380 1864 1411 in
1891 1388 1962 1420 que

339 1433 523 1466 malorum
555 1434 720 1465 omnium
748 1435 872 1465 satore
904 1433 1108 1475 instigante
1139 1434 1320 1471 incidunt,
1354 1434 1555 1476 vigilanter
1586 1435 1734 1476 eripere
1758 1443 1964 1475 eorumque

340 1489 482 1520 animas
500 1489 578 1521 Deo
595 1487 784 1525 salvatori,
801 1488 864 1528 qui
878 1497 940 1520 eas
958 1488 1064 1520 nobis
1079 1497 1145 1520 sua
1161 1489 1328 1521 bonitate
1341 1489 1539 1527 commisit,
1554 1498 1775 1531 preservare
1792 1498 1965 1521 curemus

339 1542 477 1581 illesas,
496 1544 608 1584 prout
624 1543 662 1574 in
681 1542 840 1575 Domino
858 1543 1109 1584 conspicimus
1126 1543 1330 1576 salubriter
1347 1544 1539 1585 expedire.

382 1598 529 1630 Dudum
560 1599 687 1630 sancte
709 1598 983 1631 recordationis
1013 1597 1201 1631 Adrianus
1232 1608 1330 1639 papa
1364 1600 1505 1636 sextus,
1538 1599 1784 1640 predecessor
1815 1599 1956 1638 noster,

337 1653 490 1694 cupiens
515 1653 693 1685 adversus
721 1653 946 1694 perditionis
974 1652 1043 1685 filii
1072 1653 1225 1685 Martini
1243 1653 1373 1686 Luteri
1400 1654 1654 1695 perniciosum
1671 1654 1961 1695 damnatumque

337 1708 473 1750 dogma
503 1709 541 1740 et
572 1708 777 1741 hereticam
819 1708 1056 1749 pravitatem,
1090 1717 1162 1749 que
1199 1707 1238 1739 in
1269 1708 1438 1749 partibus
1470 1708 1665 1741 Alemanie
1692 1708 1888 1742 Inferioris
1920 1718 1963 1741 ac

338 1762 515 1795 Flandrie
544 1763 582 1795 et
598 1762 681 1795 aliis
699 1763 874 1795 dominiis
899 1763 1092 1795 carissimo
1121 1764 1159 1796 in
1177 1764 1326 1797 Christo
1356 1763 1433 1795 filio
1452 1764 1580 1796 nostro
1606 1763 1751 1802 carolo,
1777 1764 1964 1796 Romano-

338 1826 421 1849 rum
439 1819 476 1849 et
500 1818 767 1858 Hispaniarum
783 1819 866 1860 regi
884 1817 1081 1855 catholico,
1101 1818 1139 1850 in
1157 1819 1424 1860 imperatorem
1441 1818 1574 1856 electo,
1601 1818 1792 1860 subJ'ectis,
1811 1819 1964 1851 inimico

341 1873 561 1910 seminante,
587 1872 759 1913 pullulat,
780 1873 915 1905 debitis
933 1877 974 1905 ut
996 1882 1064 1914 par
1081 1874 1162 1905 erat
1178 1874 1376 1914 providere
1392 1873 1570 1906 remediis
1587 1872 1777 1905 nonnullis
1801 1873 1839 1905 in
1857 1873 1965 1905 dictis

341 1927 509 1968 partibus
526 1937 609 1959 cum
627 1927 739 1968 plena
755 1929 793 1960 et
809 1928 1024 1960 omnimoda
1040 1928 1219 1961 facultate
1237 1930 1274 1960 et
1291 1928 1514 1960 auctoritate
1530 1928 1693 1960 faciendi
1711 1930 1748 1961 et
1764 1929 1964 1961 exercendi

343 1991 398 2019 ea,
429 1991 500 2022 quc
533 1983 577 2014 ad
603 1983 692 2014 dicti
728 1983 960 2015 detestabilis
989 1983 1174 2025 dogmatis
1202 1983 1445 2024 hereticeque
1475 1983 1670 2024 pravitatis
1700 1983 1966 2024 inquisitorum

342 2037 504 2068 officium
529 2038 747 2078 spectabant
763 2039 801 2070 et
817 2038 1068 2079 pertinebant,
1094 2038 1337 2078 inquisitores
1365 2037 1563 2080 generales
1588 2037 1795 2079 apostolica
1810 2038 1966 2070 auctori—

341 2093 416 2124 tate
433 2092 534 2129 fecit,
560 2093 764 2130 constituit,
783 2093 923 2125 creavit
940 2094 977 2125 et
1001 2093 1204 2134 deputavit,
1230 2094 1341 2134 prout
1364 2094 1402 2125 in
1427 2093 1564 2126 litteris
1582 2093 1671 2125 dicti
1687 2093 1965 2134 predecessoris

337 2146 375 2178 in
392 2147 514 2179 forma
535 2147 658 2179 brevis
676 2148 870 2186 confectis,
890 2157 1047 2188 quarum
1071 2149 1253 2186 tenorem,
1275 2158 1316 2180 ac
1333 2148 1364 2180 si
1382 2149 1427 2181 de
1450 2148 1564 2180 verbo
1583 2148 1629 2180 ad
1653 2148 1808 2180 verbum
1825 2148 1964 2180 insere-

338 2202 454 2239 retur,
473 2202 710 2242 presentibus
727 2201 858 2235 haberi
875 2202 1045 2235 volumus
1062 2212 1130 2244 pro
1148 2203 1349 2244 expressis,
1368 2202 1517 2244 plenius
1534 2203 1760 2235 continetur.

382 2256 429 2288 Et
446 2256 541 2288 sicut
567 2266 635 2297 pro
659 2258 766 2298 parte
795 2257 930 2290 dilecte
958 2258 996 2290 in
1015 2258 1162 2290 Christo
1192 2257 1268 2290 filie
1286 2257 1422 2290 nobilis
1446 2257 1616 2290 mulieris
1636 2257 1854 2299 Margarite,
1874 2257 1963 2289 dicti

340 2310 464 2343 Caroli
492 2312 593 2353 regis
621 2312 734 2344 amite
765 2313 803 2345 et
819 2313 857 2344 in
883 2313 991 2344 dictis
1020 2313 1194 2344 dominiis
1211 2321 1279 2354 pro
1297 2321 1341 2345 eo
1366 2312 1654 2355 gubernatricis,
1673 2312 1781 2344 nobis
1799 2311 1967 2344 exhibita

340 2365 472 2407 petitio
490 2367 705 2399 continebat
724 2377 731 2398 :
751 2367 956 2399 Multorum
980 2366 1133 2408 querele
1162 2367 1207 2399 ad
1224 2376 1306 2400 eam
1324 2367 1446 2400 delate
1470 2368 1625 2400 fuerunt
1641 2367 1686 2399 de
1710 2366 1881 2408 personis
1898 2375 1966 2407 per

342 2421 462 2462 ipsum
484 2420 691 2454 Adrianum
717 2423 1023 2463 predecessorem
1051 2422 1097 2455 ad
1121 2421 1285 2455 heresim
1312 2421 1581 2454 Lutherianam
1609 2421 1824 2463 hujusmodi
1852 2421 1966 2454 extir-

342 2475 502 2516 pandam
531 2476 736 2518 deputatis3
767 2478 935 2518 adeoque
951 2477 1076 2518 aliqua
1092 2477 1267 2510 scandala
1290 2477 1377 2509 inde
1401 2477 1544 2510 exoriri
1567 2485 1677 2518 posse
1700 2476 1962 2508 formidantur.

343 2529 465 2568 Quare
482 2540 550 2572 pro
567 2534 673 2572 parte
691 2532 807 2573 ipsius
825 2532 1030 2580 Margarite
1058 2532 1165 2564 nobis
1188 2532 1261 2564 fuit
1288 2531 1482 2564 humiliter
1509 2531 1770 2573 supplicatum,
1788 2532 1830 2563 ut
1853 2539 1965 2572 super

343 2583 401 2617 his
415 2587 599 2626 oportune
617 2587 662 2620 de
684 2587 918 2630 benignitate
935 2587 1141 2629 apostolica
1157 2587 1400 2629 dignaremur
1415 2587 1625 2628 providere.

386 2690 432 2731 (1)
456 2690 598 2724 Achter
629 2693 742 2725 dezen
775 2693 855 2725 titel
873 2692 1010 2725 komen
1039 2702 1114 2735 nog
1145 2693 1190 2725 de
1208 2693 1302 2725 twee
1323 2691 1508 2735 volgende
1525 2700 1616 2723 voor
1634 2700 1642 2723 ε
1664 2690 1905 2724 Commission
1919 2699 1966 2722 en

341 2745 531 2778 substance
558 2744 666 2780 dudit
691 2746 866 2780 cardinal
891 2757 957 2780 sur
980 2747 1013 2780 le
1040 2747 1159 2790 doyen
1183 2746 1228 2780 de
1255 2747 1424 2780 Louvaz'n
1451 2751 1572 2780 contre
1597 2744 1648 2779 les
1682 2743 1896 2778 Lacheriens
1927 2746 1964 2777 es

337 2808 433 2841 pays
451 2800 627 2842 pardem.
645 2820 689 2825 —
707 2802 862 2846 Concept
885 2801 992 2835 dudit
1015 2802 1131 2845 doyen
1149 2801 1194 2835 de
1222 2802 1385 2835 Louvain
1409 2800 1455 2835 de
1481 2810 1518 2834 ce
1541 2799 1621 2845 quil
1644 2799 1697 2832 lui
1718 2799 1852 2834 semble
1873 2803 1966 2832 estre

341 2855 471 2897 requiz
487 2858 510 2887 ἀ
527 2855 768 2899 lampziacion
785 2857 830 2891 de
849 2867 892 2890 sa
915 2858 1149 2890 commis-sion
1165 2861 1197 2890 et
1214 2856 1258 2889 de
1272 2867 1315 2890 sa
1337 2856 1482 2898 faculcd.
1498 2857 1572 2898 Wij
1601 2855 1748 2888 hebben
1777 2855 1837 2888 die
1869 2855 1964 2887 twee

342 2908 442 2940 titels
459 2911 593 2943 verder
621 2912 886 2954 aangebracht‚
913 2913 1019 2945 ieder
1045 2914 1136 2944 voor
1160 2913 1225 2945 het
1241 2912 1328 2944 stuk
1351 2921 1500 2953 waarop
1523 2912 1574 2953 hij
1600 2910 1830 2951 betrekking
1845 2909 1961 2949 heeft,

342 2962 462 2996 welke
479 2964 641 2999 stukken
666 2967 927 3009 onmiddellijk
943 2967 1073 3001 achter
1090 2968 1177 3000 deze
1193 2966 1256 3000 bul
1279 2967 1317 3000 in
1335 2966 1400 3000 het
1415 2965 1652 3001 handschrift
1673 2965 1821 3010 volgen.
