2096 3481
802 268 940 303 ANNO
967 268 1048 301 1521
1705 270 1746 302 55

109 384 325 428 principum
351 382 536 419 ordinum,
571 381 609 414 et
624 381 789 414 statuum
815 380 851 412 in
877 379 947 412 hac.
971 378 1220 412 celeberrima
1243 381 1282 412 et
1306 380 1612 420 frequentissima
1636 381 1751 422 impe-

111 439 195 473 riali
225 439 324 471 dieta
351 437 589 470 wormaciae
617 436 948 478 congregatorum,
984 435 1028 467 ad
1058 436 1279 476 perpetuam
1306 435 1361 468 rei
1394 436 1625 468 memoriam.
1657 436 1750 469 Exe-

111 494 258 536 quendo
301 493 527 526 sanctissimi
575 491 716 524 domini
753 490 873 522 nostri
900 499 1032 532 papae,
1068 490 1146 522 veri
1180 490 1217 522 in
1251 490 1319 523 hac
1353 491 1636 531 part‹·,ju‹1icis.
1671 501 1752 524 sen-

110 549 279 586 tentiam,
314 548 508 581 decretum
555 548 593 579 et
634 545 1000 583 condemnationem,
1046 545 1083 577 in
1128 545 1250 577 literis
1295 544 1512 586 apostolicis
1553 547 1608 586 (ut
1639 556 1754 588 supra

109 605 250 637 dictum
267 603 338 644 est)
356 603 401 635 ad
420 612 487 635 nos
505 601 658 634 directis
691 603 919 636 contentam.
941 600 1144 633 Martinum
1171 600 1392 638 Lutherum,
1412 602 1454 632 ut
1481 601 1689 634 membrum
1708 602 1752 634 ab

109 658 268 692 ecclesia
293 658 361 691 Dei
386 657 652 692 abalienatum,
683 658 723 688 ut
749 655 979 688 obstinatum
1004 655 1285 687 schismaticum
1312 657 1349 687 et
1375 655 1563 688 notorium
1594 656 1753 689 haereti—

109 723 205 751 cum,
232 723 254 746 a
285 713 393 745 nobis
422 712 554 744 haberi
586 710 833 749 declaramus,
865 712 903 742 et
934 711 976 742 ut
1005 710 1117 743 talem
1151 720 1172 743 a
1190 711 1294 742 vobis
1321 710 1494 742 omnibus
1523 713 1561 743 et
1592 711 1752 754 singulis

110 769 324 802 habendum
353 767 591 800 decernimus
622 767 661 798 et
692 765 886 798 edicimus,
923 765 1144 798 Mandantes
1163 766 1208 797 de
1240 766 1446 798 eorundem
1472 767 1635 798 statuum
1668 776 1752 798 con-

109 823 194 857 silio
212 826 247 856 ct
265 832 464 859 consensu,
491 821 558 854 sub
584 821 754 853 criminis
771 820 896 853 laesae
919 821 1140 862 majestatis,
1161 822 1388 861 nostraeque
1411 822 1450 852 et
1477 821 1573 853 sacri
1602 821 1751 862 imperii

108 878 353 921 gravissimae
389 877 674 919 indignationis,
709 886 751 908 ae
783 876 897 908 etiam
930 876 1143 908 amissionis
1184 876 1395 914 feudorum,
1426 876 1677 908 dominiorum
1715 880 1753 909 et

108 935 293 967 bonorum
311 933 490 970 omnium,
510 931 719 974 gratiarum
748 940 897 972 quoque
923 932 961 963 et
993 931 1159 963 omnium
1192 930 1494 974 privilegiorum,
1529 941 1550 963 a
1577 932 1685 964 nobis
1714 934 1753 964 et

109 999 214 1023 sacro
245 988 406 1030 imperio
439 987 744 1029 dependentium,
772 995 866 1028 quae
893 987 1108 1019 obtinuistis
1127 986 1320 1025 haetenus,
1351 987 1416 1019 aut
1439 987 1751 1028 praedecessores

108 1045 223 1078 vestri
249 1043 533 1085 quomodolibet
563 1042 821 1079 obtinuerunt,
859 1051 1005 1074 necnon
1038 1041 1327 1083 proscriptionis
1355 1050 1398 1074 ac
1429 1041 1543 1074 banni
1571 1043 1610 1074 et
1641 1043 1754 1076 inter-

109 1100 198 1132 dicti
229 1098 438 1141 imperialis
466 1097 610 1139 poenis,
646 1107 692 1130 ne
724 1097 808 1138 quis
844 1098 1012 1130 vestrum
1049 1098 1265 1138 praefatum
1303 1096 1507 1129 Martinum
1544 1097 1753 1130 Lutherum

108 1155 316 1196 receptare.
347 1154 564 1190 defendere,
591 1153 817 1191 sustentare,
845 1154 974 1185 fovere
1007 1152 1120 1189 dicto,
1147 1152 1247 1184 facto
1274 1153 1339 1184 aut
1360 1152 1500 1194 scripto
1525 1155 1753 1194 praesumat.

110 1210 324 1249 Quinimmo
341 1210 428 1250 post
443 1208 613 1250 elapsum
639 1208 896 1249 supradictum
929 1207 1065 1250 viginti
1099 1207 1246 1240 dicrum
1272 1207 1475 1240 terminum
1499 1209 1632 1240 contra
1655 1218 1753 1245 eum,

107 1265 322 1306 ubicunque
354 1263 612 1305 deprehensus
640 1263 769 1301 fuerit,
800 1264 838 1295 et
866 1263 903 1295 in
936 1272 1049 1295 manu
1083 1263 1147 1294 aut
1177 1261 1359 1295 facultate
1387 1263 1513 1295 vestra
1537 1263 1621 1301 erit,
1646 1264 1756 1305 Juxta

108 1322 269 1353 formam
300 1318 510 1361 imperialis
541 1318 657 1351 banni
688 1318 915 1359 procedatiS,
950 1317 1008 1350 vel
1045 1317 1178 1350 saltem
1210 1317 1464 1359 personaliter
1496 1320 1645 1359 captum
1679 1321 1752 1351 tam

109 1376 173 1408 diu
190 1374 423 1411 custodiatis,
455 1374 575 1406 donec
600 1383 667 1405 nos
693 1382 714 1405 a
737 1373 843 1405 vobis
873 1373 918 1405 de
946 1372 1017 1405 hac
1040 1381 1082 1405 re
1106 1372 1290 1405 certiores
1322 1373 1412 1405 facti
1440 1373 1486 1405 de
1514 1373 1686 1416 legitima
1713 1374 1751 1407 in

109 1439 195 1464 eum
225 1429 491 1472 prosecutione
522 1429 697 1461 facienda
727 1428 833 1460 vobis
862 1428 1132 1471 significemus,
1159 1429 1198 1460 et
1221 1437 1287 1459 vos
1315 1428 1392 1460 tam
1420 1429 1539 1461 sancti
1571 1429 1697 1470 operis
1715 1432 1753 1462 et

108 1486 248 1519 laboris
277 1485 404 1518 debita
433 1484 602 1526 praemia
632 1485 671 1516 et
694 1484 909 1516 mercedem
941 1483 1054 1516 ctiam
1081 1483 1237 1516 uberem
1263 1492 1348 1515 cum
1373 1483 1553 1525 impensis
1586 1484 1631 1516 ob
1656 1484 1752 1517 hanc

107 1550 258 1574 causam
300 1540 409 1573 factis
455 1539 672 1581 reportetis.
718 1539 767 1572 Et
811 1538 1060 1571 nihilominus
1108 1539 1278 1579 ejusdem
1330 1538 1485 1571 Martini
1527 1539 1750 1581 complices,

107 1596 370 1633 adhaerentes,
404 1585 663 1636 receptatores
691 1596 730 1627 et
770 1593 1055 1635 quomodolibet
1085 1594 1255 1627 fautores
1288 1595 1325 1626 et
1357 1595 1564 1627 sectatores
1593 1595 1679 1636 (nisi
1712 1605 1752 1628 se

108 1651 320 1693 iniquitatis
348 1650 522 1684 semitam
550 1649 764 1683 deseruisse
789 1651 827 1682 et
856 1649 1087 1682 authoritate
1120 1648 1329 1691 apostolica
1352 1648 1601 1682 absolutionis
1634 1659 1753 1683 reme-

109 1708 211 1740 dium
242 1707 464 1740 consecutos
496 1714 579 1738 esse
611 1706 723 1738 fidem
755 1705 984 1748 condignam
1017 1704 1192 1745 fecerint)
1226 1713 1371 1737 necnon
1404 1713 1535 1737 eorum
1566 1705 1692 1738 omnia
1715 1709 1753 1739 et

107 1762 258 1805 singula
280 1762 390 1800 bona,
409 1761 566 1794 mobilia
589 1762 628 1794 et
650 1760 871 1798 immobilia,
890 1761 997 1801 juxta
1016 1769 1141 1793 sacras
1167 1760 1457 1793 constitutiones
1486 1769 1528 1793 ac
1560 1761 1752 1794 interdicti

107 1821 146 1851 et
171 1818 287 1850 banni
315 1816 524 1858 imperialis
555 1815 681 1859 legem
709 1817 747 1849 et
772 1816 943 1849 ordinem
976 1815 1096 1848 libere
1121 1817 1160 1848 et
1183 1815 1325 1856 absque
1350 1815 1428 1848 ulla
1451 1816 1751 1849 contradictione

107 1873 390 1916 prosequamini
421 1871 583 1913 illosque
615 1873 654 1905 et
685 1871 753 1905 illa
780 1871 951 1913 capiatis,
985 1871 1085 1904 etin
1114 1880 1202 1904 usos
1229 1872 1375 1904 vestros
1404 1871 1545 1913 optimo
1574 1874 1612 1905 et
1638 1871 1750 1914 pleno

106 1930 192 1971 J'ure
209 1928 451 1961 convertat-is.

152 1984 372 2017 Mandamus
391 1983 546 2025 insuper
562 1983 668 2015 vobis
702 1982 876 2015 omnibus
908 1983 947 2015 ct
978 1981 1139 2024 singulis
1171 1981 1365 2024 praefatis,
1385 1981 1452 2014 sub
1478 1982 1620 2015 eisdem
1644 1992 1750 2024 prae-

109 2039 311 2073 nominatis
327 2039 472 2081 poenis,
493 2047 539 2071 ne
568 2038 652 2079 quis
670 2037 825 2070 Martini
854 2037 1011 2070 Lutheri
1038 2037 1190 2079 scripta,
1218 2047 1240 2070 a
1263 2047 1409 2070 summo
1426 2038 1605 2079 pontifice
1623 2040 1748 2071 aucto-

107 2096 220 2128 ritate
249 2094 457 2136 apostolica
487 2094 543 2135 (ut
570 2093 841 2135 praemittitur)
868 2093 1044 2126 damnata
1068 2095 1131 2125 aut
1156 2093 1231 2126 alia
1255 2102 1513 2134 quaeeunque,
1540 2096 1615 2126 tam
1632 2093 1749 2126 latino

109 2160 219 2192 quam
245 2149 452 2183 alemanico
481 2158 546 2182 seu
577 2149 650 2182 alio
680 2149 812 2190 quovis
840 2148 1019 2181 idiomate
1045 2149 1089 2181 ab
1115 2158 1160 2181 eo
1186 2148 1368 2181 hactenus
1392 2149 1602 2190 composita
1626 2149 1681 2182 vel
1714 2150 1750 2181 in

108 2208 302 2248 posterum
325 2205 596 2246 componenda,
617 2206 747 2246 utpote
779 2203 889 2242 mala,
917 2206 1091 2245 suspecta
1115 2206 1154 2236 et
1181 2213 1202 2236 a
1227 2204 1376 2236 notorio
1394 2204 1432 2236 et
1448 2204 1750 2245 pervicacissimo

109 2261 300 2294 haeretico
325 2260 600 2302 provenientia,
634 2268 773 2297 emere,
807 2259 984 2297 vendere,
1020 2260 1163 2297 tencre,
1194 2258 1336 2301 legere,
1371 2259 1598 2297 describere,
1624 2259 1751 2301 impri-

109 2325 211 2349 mere
229 2318 294 2349 aut
311 2316 474 2348 describi
490 2315 550 2348 vel
573 2315 739 2356 imprimi
756 2316 895 2353 facere,
915 2323 1099 2351 asserere,
1119 2316 1345 2353 sustentare,
1372 2315 1604 2356 praedicare,
1625 2315 1752 2348 defen-

110 2372 199 2405 dere
222 2372 450 2413 pmesumat,
481 2380 555 2403 non
587 2371 760 2403 obstante
793 2370 892 2411 quod
918 2371 955 2402 in
981 2369 1056 2402 illis
1081 2370 1194 2402 etiam
1225 2369 1350 2411 aliqua
1374 2370 1473 2402 bona
1489 2370 1549 2411 (ad
1567 2370 1750 2403 fallendas

109 2426 336 2469 simplicium
361 2427 521 2467 mentes)
539 2426 712 2458 immixta
727 2427 866 2458 essent.
897 2425 939 2459 In
965 2435 1038 2466 quo
1056 2427 1209 2467 praeter
1235 2426 1373 2466 ,iustam
1392 2426 1492 2457 sedis
1520 2426 1749 2467 apostolicae

109 2482 347 2521 sententiam,
374 2482 487 2514 etiam
520 2481 818 2514 laudatissimam
842 2482 1012 2514 veterum
1036 2483 1187 2522 patrum
1216 2481 1493 2513 institutionem
1525 2482 1564 2514 et
1594 2491 1749 2515 consue-

110 2538 278 2571 tudinem
303 2537 455 2570 omnino
481 2537 740 2578 exequendam
768 2537 955 2572 duximus,
983 2536 1046 2577 qui
1071 2536 1332 2571 Arrianorum.
1358 2535 1746 2576 Priscillianistarum,

110 2593 436 2631 Nestorianorum,
467 2591 803 2634 Eutuchyanorum
835 2594 873 2625 et
901 2592 1061 2624 aliorum
1090 2591 1367 2625 haeretieorum
1394 2591 1523 2630 libros,
1549 2594 1588 2625 et
1611 2593 1649 2625 in
1674 2593 1750 2626 illis

110 2650 289 2682 contenta
315 2648 453 2686 omnia,
484 2649 560 2680 tam
586 2647 687 2680 bona
714 2657 825 2689 quam
853 2647 962 2685 mala,
991 2647 1204 2689 promiscue
1232 2649 1480 2680 excusserunt
1507 2649 1545 2680 ct
1568 2648 1750 2682 adnihila-

110 2706 210 2737 runt.
238 2704 370 2745 Neque
399 2704 436 2736 id
461 2703 664 2736 immerito.
691 2703 787 2737 Nam
819 2703 851 2736 si
880 2703 1011 2746 optimi
1036 2703 1175 2744 quique
1202 2703 1288 2741 cibi,
1316 2703 1426 2735 unius
1452 2704 1595 2736 tantum
1620 2706 1750 2747 guttae

111 2759 246 2792 veneni
278 2760 367 2800 (quo
400 2759 606 2792 humanum
634 2768 771 2801 corpus
799 2759 1029 2799 laederetur)
1069 2759 1258 2791 infusione
1286 2759 1463 2800 suspecti,
1489 2759 1640 2800 penitus
1664 2763 1752 2793 sunt

112 2814 327 2856 abjiciendi,
357 2816 498 2856 quanto
526 2815 648 2857 magis
680 2824 726 2848 ea
756 2815 908 2857 scripta,
935 2815 1071 2856 quibus
1103 2815 1208 2847 tanta
1238 2816 1276 2847 et
1307 2815 1383 2847 tam
1409 2814 1522 2847 noxia
1555 2815 1750 2848 animabus

111 2878 257 2903 venena
279 2870 420 2912 passim
446 2870 591 2903 inserta
618 2871 717 2909 sunt,
748 2880 821 2903 non
851 2870 973 2903 solum
1002 2870 1109 2903 nobis
1137 2870 1303 2903 cavenda
1330 2871 1429 2905 sunt.
1460 2870 1525 2903 sed
1549 2870 1662 2903 ctiam
1688 2872 1749 2910 (nc

112 2923 195 2956 aliis
223 2926 396 2966 noceant)
420 2934 577 2967 prorsus
595 2926 826 2959 destruenda
852 2927 890 2959 et
913 2926 1192 2967 corrumpenda
1214 2926 1327 2965 atque
1352 2925 1397 2957 ab
1423 2925 1524 2958 omni
1553 2925 1748 2959 hominum

114 2981 295 3013 memoria
318 2981 475 3014 veniunt
499 2980 747 3015 obliteranda.
766 2982 923 3016 Accedit
947 2981 992 3014 ad
1018 2981 1067 3019 id,
1087 2981 1186 3023 quod
1212 2980 1390 3022 quicquid
1414 2980 1503 3013 boni
1529 2981 1565 3014 in
1595 2981 1748 3015 Martini
