2096 3481
826 225 964 260 ANNO
990 225 1074 259 1520
1722 225 1764 257 27

127 343 182 377 31.
207 341 251 376 In
269 338 370 374 omni
389 347 503 382 opere
520 338 619 372 bono
636 338 761 381 justus
778 337 922 380 peccat.

127 397 182 431 32.
209 396 312 439 Opus
328 396 469 429 bonum
486 394 628 437 optime
644 394 785 427 sactum
803 393 861 426 est
877 390 1026 425 veniale
1042 392 1252 433 peccatum.

127 452 181 486 33.
207 451 431 485 Haereticos
447 449 618 483 comburi
636 450 694 482 est
709 449 843 481 contra
858 447 1091 480 voluntatem
1109 445 1285 488 Spiritus.

126 508 180 541 34.
207 506 394 540 Praeliari
412 506 591 539 adversus
609 504 751 537 Turcas
768 505 827 536 est
841 511 1058 545 repugnare
1076 502 1155 534 Deo
1180 500 1348 534 visitanti
1372 500 1592 542 iniquitates
1618 502 1765 534 nostras

215 571 284 604 per
300 561 399 594 illos.

125 617 180 651 35.
207 617 327 651 Nemo
345 618 403 650 est
419 618 557 653 certus,
573 624 614 648 se
632 624 705 647 non
724 622 874 656 semper
891 621 1049 655 peccare
1066 611 1279 645 mortaliter
1295 613 1452 654 propter
1469 611 1765 644 occultissimum

215 672 415 714 superbiae
437 671 582 704 vitium.

125 727 179 761 36.
206 728 386 761 Liberum
413 726 613 760 arbitrium
641 726 727 767 post
754 725 963 766 peccatum,
990 724 1048 758 est
1074 732 1136 757 res
1164 723 1210 756 de
1238 722 1318 755 solo
1348 721 1471 760 titulo,
1497 722 1536 755 et
1559 722 1647 754 dum
1676 721 1766 754 facit

214 784 313 824 quod
330 783 368 815 in
386 791 426 815 se
445 783 514 820 est,
533 782 666 823 peccat
683 780 909 813 mortaliter.

125 837 179 871 37.
206 838 478 881 Purgatorium
496 846 569 869 non
586 838 712 878 potest
728 835 882 877 probari
900 843 946 868 ex
964 843 1072 868 sacra
1088 834 1287 876 scriptura,
1307 841 1403 874 quac
1419 832 1469 865 sit
1485 832 1523 864 in
1541 841 1696 865 canone.

124 892 178 927 38.
203 893 363 927 Animae
387 893 425 925 in
450 891 673 934 purgatorio
692 900 765 923 non
785 892 872 923 sunt
888 899 1045 924 securae
1070 890 1116 923 de
1141 898 1273 923 eorum
1290 888 1425 925 salute,
1445 887 1579 920 saltem
1605 896 1734 920 omnes
1754 897 1761 920 :

213 958 282 982 nec
298 948 497 990 probatum
515 948 573 980 est
589 946 677 979 ullis
695 948 760 979 aut
776 946 1000 984 rationibus,
1020 946 1084 978 aut
1101 944 1311 986 scripturis
1331 943 1432 986 ipsas
1449 952 1544 982 esse,
1565 951 1633 976 nec
1657 944 1722 975 ext
1744 952 1765 975 a

213 1004 351 1037 statum
369 1003 539 1036 merendi
557 1004 622 1035 aut
639 1002 809 1044 agendae
827 1001 1038 1034 eharitatis.

125 1058 180 1092 39.
206 1059 365 1092 Animae
397 1058 435 1090 in
467 1057 690 1100 purgatorio
722 1057 881 1098 peccant
919 1056 1001 1089 sine
1040 1055 1334 1093 intermissione,
1369 1053 1547 1096 quamdiu
1580 1052 1767 1094 quaerunt

211 1114 382 1155 requiem
399 1114 437 1146 et
454 1112 613 1145 horrent
628 1121 781 1154 poenas.

125 1168 179 1202 40.
206 1169 364 1202 Animae
382 1177 429 1201 ex
445 1168 668 1210 purgatorio
687 1167 870 1200 liberatae
895 1167 1087 1209 suffragiis
1105 1166 1311 1199 viventium
1328 1164 1452 1198 minus
1469 1164 1630 1198 beantur
1655 1172 1766 1205 quam

211 1224 244 1256 si
260 1233 329 1266 per
346 1232 386 1256 se
404 1223 691 1256 satisfecissent.

123 1279 176 1312 41.
203 1279 371 1312 Praelati
387 1278 635 1312 ecclesiastici
660 1280 698 1311 et
721 1278 912 1320 principes
930 1277 1144 1311 saeculares
1168 1286 1242 1310 non
1268 1276 1550 1314 malefacerent,
1577 1275 1609 1308 si
1635 1283 1764 1308 omnes

209 1343 338 1368 saccos
355 1333 609 1367 mendicitatis
628 1333 812 1366 delerent.

165 1412 189 1453 ἓ
204 1411 237 1444 3.
264 1411 335 1450 Qui
358 1411 510 1452 quidem
534 1419 697 1449 errores,
716 1411 940 1452 respective,
964 1419 1076 1452 quam
1101 1410 1177 1443 sint
1199 1409 1384 1452 pestiferi,
1412 1418 1523 1450 quarn
1547 1407 1764 1451 perniciosi,

122 1476 234 1510 quam
250 1466 474 1505 scandalosi,
494 1475 605 1507 quam
628 1466 777 1508 piarum
802 1468 840 1499 et
864 1465 1091 1507 simplicium
1118 1465 1302 1498 mentium
1319 1465 1515 1504 seductivi‚
1535 1473 1647 1506 quam
1664 1464 1766 1497 deni-

123 1532 197 1564 que
225 1522 302 1555 sint
329 1523 462 1554 contra
485 1531 634 1555 omnem
665 1521 902 1559 charitatem,
922 1530 965 1554 ac
993 1521 1029 1554 S.
1054 1520 1103 1554 R.
1129 1521 1172 1554 E.
1192 1521 1323 1553 matris
1348 1521 1515 1553 omnium
1539 1519 1706 1552 fidelium
1731 1520 1769 1552 et

124 1577 330 1620 magistrae
348 1577 448 1615 fidei,
468 1577 721 1610 reverentiam
739 1578 851 1618 atque
865 1585 1022 1610 nervum
1039 1576 1318 1609 ecclesiasticae
1337 1575 1572 1618 disciplinae,
1592 1575 1766 1608 obedien-

122 1633 213 1666 tiam
230 1632 376 1665 scilicet
403 1641 499 1674 quae
523 1633 608 1664 fons
633 1633 691 1665 est
715 1633 753 1665 et
777 1632 885 1675 origo
904 1632 1071 1664 omnium
1095 1632 1290 1670 virtutum,
1316 1631 1397 1664 sine
1422 1640 1496 1672 qua
1518 1630 1631 1664 facile
1656 1640 1767 1663 unus-

123 1688 282 1730 quisque
298 1687 464 1720 infidelis
477 1696 560 1720 esse
578 1688 826 1725 convincitur,
854 1696 963 1720 nemo
992 1695 1106 1720 sanae
1123 1687 1261 1720 mentis
1285 1687 1449 1730 ignorat.
1477 1687 1555 1719 Nos
1580 1686 1700 1729 igitur
1726 1686 1765 1718 in

122 1743 353 1785 praemissis,
372 1744 503 1784 utpote
521 1742 768 1785 gravissimis,
784 1742 1009 1784 propensius
1027 1743 1083 1783 (ut
1101 1742 1221 1783 decet)
1239 1742 1459 1784 procedere,
1475 1750 1621 1774 necnon
1638 1741 1766 1783 hujus-

122 1798 223 1831 modi
239 1799 338 1840 pesti
354 1798 562 1839 morboque
579 1807 795 1836 canceroso,
816 1807 862 1830 ne
880 1798 918 1829 in
937 1806 1028 1840 agro
1047 1797 1244 1830 Dominico
1264 1799 1455 1838 tamquam
1479 1797 1606 1838 vepris
1633 1797 1766 1829 nociva

121 1853 282 1887 ulterius
296 1855 434 1895 serpat,
450 1853 548 1886 viam
565 1852 813 1895 praecludere
830 1853 1038 1894 cupienteS,
1057 1852 1188 1885 habita
1204 1861 1318 1894 super
1341 1852 1546 1894 praedictis
1570 1852 1764 1885 erroribus

123 1910 162 1942 et
192 1918 325 1942 eorum
353 1908 514 1951 singulis
543 1908 718 1951 diligenti
751 1908 1011 1946 trutinatione,
1047 1908 1281 1941 discussione
1313 1917 1356 1940 ac
1388 1908 1558 1940 districto
1591 1908 1765 1940 examine

123 1965 345 2006 maturaque
363 1963 651 2002 deliberatione,
671 1964 920 2004 omnibusque
938 1964 1011 1997 rite
1028 1964 1196 2006 pensatis
1221 1972 1264 1996 ac
1289 1963 1439 2005 saepius
1463 1962 1655 1996 ventilatis
1680 1972 1765 1996 cum

122 2019 403 2053 venerabilibus
437 2019 620 2052 fratribus
655 2019 794 2051 nostris
826 2020 978 2052 sanctae
1005 2019 1201 2052 Romanae
1229 2018 1412 2052 ecclesiae
1441 2017 1695 2056 cardinalibus
1723 2027 1766 2050 ac

122 2074 357 2118 regularium
386 2075 562 2107 ordinum
588 2074 781 2116 prioribus
810 2083 877 2107 seu
908 2074 1093 2106 ministris
1126 2073 1369 2117 generalibus
1401 2073 1650 2116 pluribusque
1681 2073 1766 2106 aliis

121 2139 251 2163 sacrae
279 2130 496 2173 theologiae
529 2139 675 2163 necnon
707 2130 906 2171 utriusque
943 2130 1040 2171 juris
1072 2129 1354 2171 professoribus
1386 2129 1464 2162 sive
1496 2129 1690 2172 magistris
1730 2132 1768 2162 et

123 2185 275 2227 quidem
306 2185 572 2228 peritissimis:
606 2186 818 2227 reperimus
842 2185 995 2218 eosdem
1019 2194 1182 2223 errores
1212 2185 1423 2226 respective
1452 2185 1508 2226 (ut
1539 2185 1768 2226 praefertur)

123 2242 187 2274 aut
210 2240 390 2273 articulos
419 2250 493 2273 non
522 2250 604 2273 esse
622 2240 841 2278 catholicos,
862 2249 931 2273 nec
955 2242 1145 2281 tamquam
1164 2239 1257 2273 tales
1282 2249 1365 2273 0550
1383 2240 1682 2282 dogmatizando,
1702 2240 1768 2273 sed

123 2297 256 2329 contra
285 2295 468 2329 ecelesiae
493 2295 702 2328 catholicae
728 2296 938 2328 doctrinam
966 2296 1044 2328 sive
1071 2296 1327 2333 traditionem,
1355 2296 1467 2336 atque
1493 2295 1538 2328 ab
1566 2305 1610 2328 eo
1641 2304 1768 2328 veram

123 2351 335 2384 divinarum
377 2351 652 2393 scripturarum
695 2353 887 2393 receptam
920 2351 1287 2392 interpretationem,
1318 2351 1425 2391 cujus
1470 2351 1687 2383 auctoritati
1714 2351 1769 2383 ita

123 2406 436 2448 acquiescendum
464 2407 611 2440 censuit
627 2407 875 2449 Augustinus,
896 2407 936 2439 ut
961 2406 1100 2439 dixerit
1117 2416 1157 2439 50
1183 2405 1380 2449 evangelio
1407 2415 1480 2438 non
1506 2407 1623 2438 fuisse
1648 2406 1766 2439 credi-

124 2464 262 2500 turum,
279 2462 351 2494 nisi
380 2461 563 2495 ecelesiae
580 2461 791 2495 catholicae
808 2462 1076 2495 intervenisset
1093 2462 1310 2494 auctoritas.
1327 2461 1423 2494 Nam
1441 2471 1487 2494 ex
1504 2461 1647 2493 eisdem
1665 2470 1766 2493 erro-

123 2517 240 2555 ribus,
271 2517 328 2550 vcl
359 2525 491 2550 eorum
516 2517 642 2559 aliquo
667 2517 724 2550 vel
759 2517 959 2558 aliquibus,
985 2517 1110 2559 palam
1138 2517 1322 2558 sequitur,
1350 2516 1521 2550 camdem
1552 2516 1763 2554 ecclesiam,

123 2581 219 2614 quae
237 2572 380 2614 Spiritu
397 2574 526 2605 saneto
544 2573 704 2616 regitur,
724 2582 853 2606 errare
871 2575 909 2605 et
927 2582 1076 2614 semper
1101 2581 1261 2605 errasse.
1282 2572 1388 2610 Quod
1406 2574 1464 2604 est
1487 2572 1617 2613 utiquc
1635 2574 1767 2605 contra

123 2627 230 2666 illud,
261 2628 359 2669 quod
377 2627 549 2661 Christus
567 2628 762 2670 discipulis
780 2629 858 2661 suis
876 2629 913 2660 in
932 2628 1152 2660 ascensione
1177 2638 1245 2660 sua
1272 2629 1328 2669 (ut
1351 2628 1388 2659 in
1414 2629 1542 2660 sancto
1568 2627 1767 2670 evangelio

125 2683 307 2716 Matthaei
324 2683 479 2725 legitur)
497 2684 671 2724 promisit
689 2684 816 2717 dicens
838 2693 845 2716 :
865 2684 945 2726 Ego
963 2683 1155 2716 vobiscum
1181 2693 1262 2715 sum
1281 2692 1399 2724 usque
1417 2683 1462 2715 ad
1480 2684 1769 2716 consummatio-

125 2747 211 2771 nem
242 2738 395 2771 saeculi.
428 2739 581 2771 Necnon
611 2741 744 2772 contra
771 2741 986 2771 sanctorum
1022 2741 1170 2780 patrum
1209 2738 1556 2776 determinationes,
1593 2738 1769 2771 concilio-

124 2802 208 2826 rum
237 2803 385 2835 quoque
414 2795 452 2826 et
480 2803 711 2827 summorum
736 2795 957 2836 pontificum
985 2803 1183 2836 expressas
1213 2794 1470 2826 ordinationes
1499 2803 1565 2827 500
1590 2803 1764 2830 canones,

125 2849 260 2890 quibus
286 2858 359 2882 non
378 2849 672 2891 obtemperasse,
692 2851 859 2883 omnium
888 2850 1088 2883 haeresum
1105 2854 1144 2882 et
1168 2849 1425 2887 schismatum,
1446 2851 1542 2883 teste
1561 2850 1762 2892 Cypriano,

126 2905 246 2937 fomes
263 2906 302 2938 et
317 2913 431 2938 causa
447 2914 597 2947 semper
616 2906 698 2938 fuit.

169 2960 240 3001 §4-
273 2960 328 2994 De
359 2961 579 2995 eorumdem
607 2961 735 3003 itaque
771 2961 1044 2996 venerabilium
1086 2962 1247 2994 fratrum
1288 2962 1502 2994 nostrorum
1538 2960 1697 2993 consilio
1725 2961 1764 2993 et
