2096 3481
328 253 390 286 106
1021 251 1156 285 ANNO
1184 252 1265 284 15:³2

324 376 339 387 ιι
360 362 554 393 Pontilicis
571 362 723 393 maximi
741 371 763 394 a
778 361 906 394 Phoca
922 362 1161 402 imperatore,
1181 365 1217 393 ct
1241 371 1285 393 cx
1304 363 1546 403 usurpatione
1570 361 1671 394 illius
1699 365 1945 406 cognominis,

324 430 339 442 ιι
358 416 499 457 posteri
517 417 555 448 et
571 425 805 448 successores
823 416 880 448 sui
899 417 1172 457 usurpaverunt
1188 416 1259 447 sibi
1277 417 1536 449 auctoritatem
1554 416 1648 459 legis
1665 419 1892 451 condendae.

365 484 379 496 ιι
396 469 528 502 Nullus
542 480 637 512 papa
649 471 770 512 potuit
781 470 943 511 aliquam
953 470 1076 512 legem
1089 470 1302 503 hominibus
1313 471 1534 512 praesertim
1548 471 1761 505 christianis
1769 473 1947 506 statuere»

323 538 337 550 ·
357 534 429 565 quo
448 525 514 557 sub
534 525 658 566 aliqua
674 535 795 567 poena
810 526 954 566 peccati
981 525 1150 558 mortalis
1168 535 1231 558 eos
1249 525 1445 567 obligaret.
1462 525 1624 558 Dubium
1651 527 1719 565 est,
1739 536 1783 570 an
1811 527 1947 560 Petrus

329 594 343 605 ιι
363 579 552 620 apostolus
580 581 700 621 major
727 581 791 612 aut
817 580 990 621 superior
1006 580 1229 613 auctoritate
1257 580 1415 612 caeteris
1433 579 1612 621 apostolis
1637 581 1764 620 fuerit,
1781 591 1848 614 nec
1876 582 1948 615 hoc

329 648 343 659 ·-
360 635 504 666 constat
517 635 554 666 in
568 636 683 667 sacris
701 635 849 667 litteris.

370 702 385 714 ιι
405 689 577 721 Summus
590 690 759 731 pontifex
778 690 834 721 est
863 689 979 722 veluti
1004 689 1146 721 idolum
1164 690 1271 721 nobis
1294 690 1518 722 institutum.

360 758 375 769 ιι
401 743 537 776 Omnes
555 744 640 777 laici
658 746 743 777 sunt
759 744 991 783 sacerdotes;
1010 744 1106 776 sicut
1122 743 1190 781 illi,
1210 745 1272 785 qui
1289 744 1498 777 consecrati
1515 744 1730 777 sacerdotes
1755 745 1944 785 dicuntur,

321 814 336 824 ιι
356 798 409 830 ita
432 808 579 839 quoque.
602 808 730 832 omnes
755 799 840 831 laici
856 807 1077 831 consecrare
1104 800 1257 839 possent
1272 799 1487 832 venerabile
1513 800 1800 838 sacramentum,
1820 809 1948 840 quam-

319 867 334 879 ιι
355 853 410 885 vis
438 856 649 894 peccarent,
681 855 711 886 si
753 854 807 886 eis
836 863 910 886 non
938 853 1091 886 daretur
1122 853 1273 886 licentia
1311 854 1574 890 consecrandi.
1606 853 1768 887 exclusis
1797 855 1944 888 tantum

324 921 339 934 ιι
358 908 534 940 faeminis
548 911 585 941 et
600 909 740 950 pueris.

366 975 381 988 ιι
402 963 535 995 Modus
553 963 696 1000 orandi,
717 972 826 1004 quem
850 962 1126 995 ecclesiasticae
1153 971 1336 1004 personae
1349 963 1550 996 observant
1566 963 1603 995 in
1621 962 1725 995 horis
1756 963 1948 996 canonicis

321 1030 336 1043 ιι
355 1016 538 1059 legendis.
563 1018 756 1050 cantandis
773 1019 811 1050 et
834 1016 917 1049 aliis
933 1017 1049 1050 veluti
1065 1017 1232 1056 rosariis,
1252 1017 1406 1050 fac-titiis
1423 1017 1600 1059 preculis,
1619 1018 1657 1051 et
1673 1017 1870 1057 similibus,
1890 1019 1949 1051 est

323 1085 339 1098 ιι
358 1072 643 1113 superstitiosus
657 1073 695 1104 et
716 1072 864 1113 judaice
881 1072 1164 1105 cerimoniosus.

364 1140 379 1153 ιι
399 1127 596 1159 servitutis
613 1128 681 1165 est,
707 1128 806 1167 quod
829 1127 942 1159 certis
960 1127 1091 1159 diebus
1118 1127 1156 1159 et
1172 1126 1276 1158 horis
1300 1127 1557 1168 praecipimur
1573 1127 1611 1159 in
1629 1126 1799 1160 ecclesiis
1816 1136 1949 1161 eonve-

323 1196 338 1208 ιι
358 1182 439 1214 niro
457 1182 501 1214 ad
520 1183 712 1220 orandum,
731 1191 814 1214 cum
829 1181 918 1214 olim
936 1182 1036 1214 omni
1049 1182 1130 1214 loco
1147 1182 1243 1214 citra
1258 1182 1500 1223 praeceptum
1520 1182 1757 1214 adorabatur.

361 1250 377 1262 ιι
393 1237 475 1269 Non
494 1238 551 1268 cst
563 1236 705 1269 licitum
722 1246 789 1278 pro
805 1237 1127 1269 administratione
1145 1237 1476 1274 sacramentorum,
1492 1236 1694 1269 collatione
1725 1236 1944 1279 sepulturae

322 1305 337 1317 ιι
356 1292 391 1323 et
409 1292 664 1332 predicatione
678 1292 780 1324 verbi
798 1292 867 1324 Dei
884 1291 1054 1332 accipere
1071 1291 1261 1332 pecunias.

366 1360 381 1372 ιι
399 1346 717 1388 Reprehendendi
734 1348 821 1379 sunt
836 1347 1116 1388 praedicatores
1132 1346 1237 1379 verbi
1262 1346 1391 1387 divini,
1419 1347 1517 1387 quod
1542 1346 1580 1379 in
1604 1347 1846 1380 concionibus
1870 1347 1947 1380 suis

324 1416 339 1428 ιι
358 1402 495 1434 totiens
513 1402 700 1434 adducunt
717 1401 1025 1434 scholasticorum
1040 1402 1234 1433 doctorum
1251 1401 1469 1434 sententias.

363 1470 378 1482 ιι
394 1456 497 1489 Sicut
512 1456 601 1488 olim
615 1456 786 1489 omnibus
803 1457 898 1489 citra
914 1456 1031 1488 ullum
1046 1456 1259 1493 discrimen,
1275 1456 1441 1497 exceptis
1458 1456 1692 1495 mulieribus,
1704 1457 1785 1489 erat
1802 1456 1947 1490 licitum

321 1525 336 1537 ιι
357 1511 393 1543 in
412 1511 561 1552 publico
595 1512 729 1544 docere
747 1512 785 1544 et
800 1520 924 1544 sacras
941 1511 1071 1544 literas
1087 1511 1344 1552 interpretari,
1359 1511 1413 1543 ita
1430 1512 1467 1544 et
1481 1520 1578 1543 nunc
1591 1511 1690 1550 licet,
1710 1512 1748 1544 et
1765 1521 1839 1544 non
1856 1511 1947 1545 solis

324 1580 339 1592 ιι
358 1566 550 1608 magistris
579 1566 729 1603 nostris,
769 1565 1015 1598 baccalauriis
1042 1566 1106 1598 aut
1129 1565 1332 1598 licentiatis
1359 1566 1423 1598 aut
1469 1566 1655 1608 deputatis
1694 1567 1740 1599 ad
1782 1565 1854 1598 hoc
1879 1575 1948 1608 per

325 1634 340 1647 ιι
356 1620 565 1653 ecclesiam.

365 1690 379 1701 ιι
398 1675 585 1708 Renatum
604 1678 660 1707 est
677 1675 925 1718 evangelium,
951 1677 989 1708 et
1016 1675 1156 1708 Paulus
1186 1675 1335 1713 revixit,
1366 1675 1523 1716 propter
1560 1675 1700 1716 scripta
1727 1675 1883 1708 Lutheri
1910 1677 1949 1709 et

324 1744 339 1756 ιι
360 1730 531 1767 aliorum,
552 1731 613 1770 qui
640 1731 721 1771 eJ'us
739 1731 931 1763 doctrinae
959 1730 1164 1763 adhaerent
1181 1730 1318 1771 quique
1335 1730 1372 1762 in
1402 1731 1479 1762 suis
1497 1730 1686 1771 opusculis
1710 1730 1949 1772 protulerunt

327 1799 342 1811 ιι
362 1784 578 1817 libertatem
607 1785 872 1827 evangelicam.

365 1854 379 1865 ιι
401 1839 514 1872 Nulla
539 1849 653 1880 opera
670 1841 799 1872 nostra
829 1841 916 1872 sunt
945 1840 1153 1878 meritoria,
1179 1841 1217 1873 et
1241 1839 1343 1872 nullo
1376 1840 1486 1872 modo
1503 1840 1543 1872 in
1568 1840 1707 1872 nostris
1725 1839 1870 1873 meritis
1892 1841 1950 1873 est

322 1908 337 1920 ιι
356 1895 630 1926 confidendum.

365 1962 380 1974 ιι
400 1950 489 1981 Cum
507 1948 648 1981 Paulus
665 1950 815 1990 scripsit
843 1950 887 1981 ad
905 1949 1053 1982 Galatas
1070 1960 1076 1981 :
1106 1963 1121 1976 ιι
1140 1950 1177 1982 Si
1202 1949 1534 1987 circumcidamini,
1554 1949 1648 1981 nihil
1661 1948 1831 1990 proderit
1843 1949 1948 1982 vobis

321 2018 336 2029 ιι
357 2003 539 2041 Christus,
561 2019 576 2031 „
602 2004 790 2037 intellexit
808 2014 815 2036 ε
836 2004 874 2037 Si
898 2005 1031 2037 vestris
1055 2005 1231 2046 operibus
1255 2005 1509 2043 confidamini,
1537 2003 1631 2036 nihil
1648 2004 1820 2045 proderit
1842 2004 1947 2036 vobis

324 2072 339 2084 ιι
360 2058 542 2091 Christus.

365 2128 380 2138 ιι
400 2113 504 2145 Libri
522 2113 703 2146 Marthini
731 2113 885 2146 Lutheri
903 2115 941 2146 et
963 2124 1116 2146 suorum
1133 2114 1347 2155 sequacium
1364 2114 1515 2156 legendi
1535 2115 1634 2152 sunt,
1654 2114 1742 2154 quia
1758 2113 1948 2147 Christum

321 2181 336 2193 ιι
357 2177 424 2199 nos
439 2168 585 2206 docent,
604 2167 766 2201 exclusis
782 2170 820 2201 et
838 2169 990 2210 reJ'ectis
1017 2169 1187 2201 omnibus
1203 2169 1333 2211 procul
1352 2168 1553 2201 subtilibus
1569 2168 1806 2201 scholasticis
1824 2169 1948 2201 docto-

324 2235 339 2248 ιι
358 2222 472 2254 ribus.

368 2290 383 2303 ιι
403 2277 603 2319 Legendus
631 2279 689 2310 est
719 2277 815 2310 liber
840 2278 1025 2311 Johannis
1055 2278 1187 2311 Gochii
1218 2279 1263 2311 de
1287 2278 1464 2311 libertate
1492 2277 1699 2310 christiana
1723 2277 1948 2316 intitulatus,

321 2345 336 2357 ιι
358 2341 448 2372 prae
475 2333 634 2364 caeteris
667 2333 881 2365 doctoribus
909 2333 1153 2371 scholasticis,
1184 2333 1273 2366 licet
1295 2333 1446 2365 sanctis.

365 2400 380 2412 ιι
402 2387 670 2419 Condemnatio
704 2387 860 2419 Lutheri
883 2389 981 2420 facta
1003 2397 1071 2429 per
1098 2397 1282 2420 summum
1306 2387 1534 2428 pontificem,
1561 2396 1634 2428 qua
1649 2387 1729 2428 ipse
1761 2386 1950 2420 Lutherus

323 2454 338 2466 ιι
358 2450 441 2472 cum
460 2451 525 2473 sua
543 2442 713 2474 doctrina
730 2443 924 2475 damnatus
941 2444 1009 2481 est,
1035 2443 1107 2475 fuit
1136 2443 1277 2484 injusta
1307 2443 1417 2482 atque
1434 2442 1574 2482 iniqua.
1594 2442 1698 2474 Idem
1716 2442 1948 2474 censendum

325 2509 340 2521 ιι
359 2497 415 2527 est
433 2496 477 2527 <le
495 2497 616 2528 edicto
634 2496 885 2537 imperatoris,
912 2498 999 2537 quia
1014 2498 1183 2530 doctrina
1199 2497 1429 2530 Lutheriana
1444 2505 1535 2528 sana
1550 2497 1737 2529 censenda
1755 2497 1822 2534 est,
1842 2505 1948 2537 prae-

327 2564 342 2575 ιι
362 2551 490 2581 sertim
509 2552 631 2590 quoad
644 2551 704 2582 hic
721 2553 908 2590 contenta,
927 2553 966 2585 et
982 2561 1055 2584 non
1072 2553 1200 2585 debuit
1213 2551 1466 2589 condemnari,
1485 2551 1557 2583 nisi
1574 2551 1783 2583 rationibus
1799 2551 1948 2583 convin-

324 2618 339 2629 ιι
358 2606 517 2637 erretur.

369 2673 383 2684 ιι
404 2659 601 2692 Concessio
620 2661 900 2693 sacramentalis
926 2671 997 2694 non
1023 2663 1080 2695 est
1101 2662 1196 2703 juris
1220 2661 1348 2698 divini,
1367 2661 1432 2692 sed
1461 2661 1505 2692 ab
1530 2660 1744 2692 hominibus
1761 2660 1943 2692 instituta.

371 2727 385 2739 ιι
405 2714 667 2756 Indulgentiae
686 2725 757 2748 non
777 2718 863 2748 sunt
880 2717 1061 2749 efficaces.
1082 2732 1097 2743 ιι

367 2767 504 2800 Omnes
522 2770 639 2810 igitur
656 2772 693 2803 et
710 2770 879 2812 singulos
895 2772 1129 2812 supradictos
1147 2771 1324 2804 articulos
1347 2780 1482 2803 revoco
1499 2770 1538 2803 et
1553 2770 1714 2811 reprobo
1731 2771 1770 2802 et
1797 2770 1943 2807 damno,

325 2831 481 2862 quorum
500 2823 614 2864 aliqui
646 2827 732 2857 sunt
760 2826 906 2858 notorie
935 2826 1116 2858 haeretici
1129 2827 1168 2858 et
1195 2835 1216 2858 a
1231 2825 1369 2858 sanctis
1387 2825 1556 2867 patribus
1572 2824 1776 2865 reprobati,
1794 2824 1944 2865 quidam

324 2885 412 2908 vero
437 2878 659 2916 scandalosi‚
692 2879 755 2912 alii
771 2881 895 2912 autem
926 2881 1073 2921 piarum
1091 2881 1237 2913 aurium
1269 2880 1439 2912 offensivi
1456 2880 1494 2912 et
1520 2878 1692 2911 nonnulli
1716 2878 1942 2920 simplicium

322 2932 502 2964 mentium
517 2933 712 2971 seductivi,
732 2936 769 2967 et
783 2944 911 2967 omnes
925 2935 1057 2976 pietati
1075 2936 1112 2968 et
1124 2935 1207 2976 paci
1224 2934 1452 2967 christianae
1469 2934 1724 2966 adversantur.
