2096 3481
816 220 954 254 ANNO
982 220 1066 253 1525
1700 227 1763 258 425

175 328 380 364 Wordenas
397 330 458 372 (1).
486 329 642 368 Quando
667 330 774 364 Petri
803 330 1074 365 authoritatem
1103 333 1251 366 vestrae
1285 332 1469 376 legationi
1498 335 1761 376 praetenditis,

124 385 272 428 perdite
290 394 350 418 me
368 394 516 426 quoque
533 385 609 419 divi
626 386 733 420 Petri
749 386 889 420 virtute
907 388 945 420 et
962 396 1050 420 orco
1069 388 1208 421 tradite
1227 388 1320 420 diris
1338 389 1527 422 devotum.

168 439 465 474 Duvenvorthus.
495 440 612 479 Quid?
639 441 746 474 ausin
775 442 811 474 te
840 441 906 474 tali
934 442 1219 484 imprecationis
1244 443 1415 485 periculo
1440 446 1700 480 committere?
1724 447 1763 480 et

124 504 207 529 eam
224 495 463 529 devotionem
481 496 672 538 experiri?

173 549 390 584 IVonienas.
423 550 587 589 Quidni?
626 551 686 585 Sic
723 552 823 584 enim
862 552 986 594 palam
1018 553 1140 590 fieret,
1174 554 1206 586 si
1245 553 1408 596 Spiritus
1447 557 1599 589 sanctus
1637 558 1759 590 ratam

124 605 260 639 habeat
286 606 458 646 istorum,
485 607 549 648 qui
577 616 616 640 se
643 607 846 649 Apostolos
874 609 1026 647 iactant,
1061 609 1313 642 devotionem.
1347 610 1421 643 Sed
1454 621 1527 643 non
1561 613 1761 646 tentabunt

122 660 216 694 haec
239 670 344 694 arma
367 662 438 694 sibi
466 671 615 695 sumere
643 663 681 695 in
710 672 855 701 manus,
885 664 949 705 qui
978 664 1022 696 ab
1048 663 1282 706 Imperatore
1308 667 1346 698 et-
1369 666 1499 698 mundi
1523 667 1759 709 principibus

122 715 198 750 alia
227 725 332 750 arma
361 717 593 757 mutuarunt,
627 718 762 758 quibus
790 719 908 751 iustos
941 720 1157 761 opprimant
1185 721 1223 752 et
1249 720 1452 754 conficiant
1465 721 1526 763 (2).
1557 722 1757 756 Christus:

123 786 139 799 ιε
155 771 194 805 Si
210 773 278 811 vis,
296 772 430 813 inquit,
450 773 653 814 (neminem
667 774 821 816 cogens)
835 775 881 807 ad
895 775 1009 807 vitam
1023 775 1185 817 ingredi,
1202 784 1310 808 serva
1322 777 1510 810 mandata.
1527 792 1542 805 n
1562 778 1611 810 At
1634 781 1760 811 vestra

121 827 244 860 cautio
269 827 382 870 longe
407 827 495 860 huic
520 828 714 861 dissimilis
738 831 898 862 mortem
923 830 1086 862 intentat
1110 830 1231 869 nobiS,
1251 831 1324 863 nisi
1341 832 1378 864 in
1397 841 1462 864 vos
1485 832 1601 865 iurati
1625 834 1754 866 simus.

120 882 292 915 Christus
317 882 438 915 noluit
461 883 523 916 hic
547 893 634 916 suos
660 884 858 924 dominari,
886 884 1007 918 noluit
1031 895 1118 918 suos
1142 894 1269 919 rerum
1294 887 1423 928 potiri,
1450 888 1488 920 et
1515 887 1598 929 alijs
1627 889 1754 928 armis,

120 947 231 980 quam
255 938 514 980 spiritualibus
541 948 731 982 pugnare;
759 941 862 982 atqui
887 940 991 982 Papa
1015 941 1188 973 omnibus
1213 942 1339 987 modis
1363 951 1446 975 sese
1470 942 1756 976 Antechristum

119 994 306 1034 quendam
331 993 509 1033 declarat,
536 1003 658 1036 neque
682 994 797 1028 ullam
822 996 1000 1029 virtutem
1025 996 1151 1033 habet,
1178 1005 1289 1037 quam
1315 997 1399 1029 divo
1425 997 1541 1030 Petro
1560 997 1756 1041 Scriptura

118 1058 203 1082 eum
219 1047 330 1082 laude
348 1049 492 1082 tribuit.

160 1103 420 1139 Enchusanus.
453 1104 549 1143 Quid
578 1114 671 1147 opus
700 1106 808 1138 nobis
836 1106 955 1139 multa
982 1107 1226 1140 concionari?
1253 1107 1312 1140 An
1342 1116 1416 1140 non
1442 1108 1564 1140 omnis
1588 1109 1756 1150 potestas

118 1169 140 1193 a
158 1160 309 1193 domino
328 1160 408 1193 Deo
428 1161 506 1193 est?

168 1214 386 1249 Wordenas.
406 1216 543 1249 Etiam.

160 1271 362 1305 Montanus
375 1272 435 1314 (3).
462 1272 565 1315 Ergo
583 1273 621 1305 et
639 1272 769 1304 nostra
792 1271 886 1305 haec
901 1274 1082 1314 potestas,
1102 1282 1175 1315 qua
1192 1274 1229 1307 te
1246 1274 1288 1306 ut
1304 1273 1538 1307 haereticum
1554 1283 1754 1316 possumus

116 1327 405 1360 condemnatum
422 1327 461 1360 in
478 1337 611 1361 manus
627 1328 826 1369 potestatis
844 1327 1049 1361 saecularis
1067 1329 1230 1368 tradere,
1251 1338 1272 1361 a
1289 1329 1368 1362 Deo
1386 1331 1455 1362 est.

165 1381 383 1416 Wordenas.
412 1383 554 1416 Eadem
581 1384 729 1416 ratione
761 1383 1003 1416 excusabitur
1031 1386 1069 1417 et
1095 1383 1297 1417 Iseariotes
1322 1384 1399 1423 ille,
1427 1385 1491 1426 qui
1518 1386 1753 1428 principibus

114 1438 353 1471 sacerdotum
371 1438 562 1472 Christum
588 1439 755 1472 tradidit.
783 1438 1076 1472 Excusabuntur
1093 1441 1131 1472 et
1146 1440 1334 1481 primores
1359 1440 1598 1478 Iudaeorum,
1618 1442 1753 1482 quibus

112 1493 335 1536 religiosum
360 1495 442 1527 erat
465 1493 653 1527 Christum
678 1494 922 1527 int-erficere:
949 1495 1016 1527 sed
1043 1495 1082 1527 in
1106 1504 1239 1527 manus
1265 1494 1381 1527 Pilati
1411 1504 1497 1528 eum
1526 1496 1677 1530 tradere
1707 1499 1753 1530 ad

111 1549 465 1582 condemnationem
492 1549 574 1582 leve
603 1551 701 1591 erat3
729 1558 816 1582 nam
844 1549 976 1582 eodem
1005 1550 1088 1582 iure
1116 1549 1270 1583 illorum
1301 1552 1469 1592 potestas
1501 1560 1523 1584 a
1554 1552 1633 1584 Deo
1666 1553 1750 1591 fuit,

111 1615 184 1647 quo
202 1606 366 1638 vestram
383 1605 480 1638 hanc
496 1607 723 1648 potestatem
741 1615 762 1638 a
779 1606 858 1638 Deo
884 1615 968 1639 esse
993 1606 1234 1639 contenditis.
1261 1606 1396 1639 Videte
1421 1608 1546 1640 autem
1565 1617 1610 1641 ne
1628 1609 1748 1642 bonae

110 1662 205 1695 istae
232 1663 399 1695 rationes
423 1671 488 1694 vos
514 1662 746 1694 subvertant.
778 1662 874 1694 Nam
899 1662 954 1693 uti
979 1661 1120 1694 Christi
1145 1664 1183 1695 et
1205 1662 1474 1704 Apostolorum
1499 1665 1684 1697 memoria
1711 1665 1748 1697 in

110 1717 437 1750 benedictionibus
465 1717 644 1755 manebit,
671 1718 709 1749 et
734 1716 897 1749 natalem
922 1716 1076 1749 illorum
1101 1716 1310 1750 celebrabit
1333 1718 1549 1759 posteritas,
1576 1719 1629 1752 ita
1654 1719 1747 1752 nihil

110 1773 252 1811 dubito,
272 1773 374 1814 quin,
395 1773 425 1806 si
443 1782 502 1806 me
521 1773 566 1805 ob
584 1773 755 1806 veritatis
780 1772 1058 1805 confessionem
1075 1773 1238 1806 maxime
1254 1774 1435 1815 perdatis,
1454 1783 1526 1817 ego
1543 1774 1745 1816 gloriosus,

109 1839 173 1862 vos
190 1831 323 1863 eontra
338 1830 490 1873 inglorij
509 1831 693 1872 perpetuo
712 1830 794 1863 sitis
812 1831 993 1863 mansuri.

154 1884 411 1919 Enchusanus.
438 1885 584 1919 Siccine
617 1895 684 1918 nos
716 1885 877 1925 Iudaeis,
905 1885 1046 1919 Scribis
1078 1886 1116 1919 et
1147 1886 1365 1924 Pharisaeis
1393 1897 1602 1930 comparas,
1632 1888 1744 1921 homo

109 1941 307 1984 impudens
321 1942 370 1984 (4)
382 1943 395 1974 2

152 1997 418 2031 Rosemundus.
437 1997 494 2029 An
513 2006 581 2030 nos
597 1998 893 2039 persequutores
911 1998 1062 2030 sumus?

159 2051 377 2086 Wordenas.
397 2053 494 2090 Quid
511 2053 606 2090 sitis,
625 2052 832 2093 loquuntur
844 2053 940 2086 istae
957 2053 1158 2094 compedes
1171 2053 1232 2095 (5),
1251 2054 1284 2086 si
1307 2054 1471 2087 maxime
1495 2063 1566 2096 ego
1585 2055 1741 2087 taceam.

105 2107 263 2141 Interim
287 2109 450 2141 vestram
468 2107 617 2149 appello
643 2108 926 2145 conscientiam,
946 2117 1034 2140 num
1054 2108 1143 2149 quid
1159 2109 1284 2141 minus
1300 2109 1444 2142 fecistis
1468 2109 1507 2141 in
1532 2118 1604 2148 me,
1631 2119 1742 2151 quam

103 2162 234 2196 Iudaei
257 2163 330 2205 ipsi
355 2163 496 2197 Christi
520 2164 808 2196 interfectores?
832 2163 967 2196 Vestro
993 2172 1064 2206 ego
1090 2164 1194 2196 iussu
1219 2164 1515 2206 comprehensus
1532 2165 1570 2197 in
1588 2174 1742 2199 carcere

104 2219 208 2251 tanto
240 2220 410 2260 tempore
444 2219 618 2252 haereo:
653 2220 691 2251 et
730 2228 828 2251 nunc
868 2218 1072 2252 haereseos
1107 2219 1397 2252 condemnatum
1437 2220 1643 2253 tradituros
1681 2230 1741 2254 me

101 2274 281 2316 potestati
297 2274 483 2307 saeculari
504 2274 816 2311 interminamini‚
836 2284 946 2315 quam
967 2275 1012 2306 ob
1031 2274 1193 2316 culpam,
1213 2276 1380 2315 quaeso?

146 2328 360 2363 Montanus.
387 2329 600 2372 Imperator
625 2332 660 2363 te
685 2329 956 2371 comprehendi
981 2330 1103 2368 iussit,
1131 2339 1198 2362 nos
1226 2330 1265 2362 in
1294 2330 1403 2372 culpa
1432 2340 1505 2363 non
1534 2341 1663 2364 sumus
1677 2331 1738 2373 (6).

103 2385 141 2419 Si
159 2394 232 2426 qua
247 2386 347 2418 facta
363 2386 413 2418 sit
429 2386 498 2418 tibi
515 2386 667 2423 iniuria,
688 2386 732 2418 de
751 2385 822 2418 hoc
839 2395 921 2418 eum
942 2385 1189 2426 imperatoria
1204 2386 1401 2419 maiestate
1419 2386 1671 2428 expostulato.

152 2439 369 2475 Wordenas.
384 2441 550 2475 Pulchre
564 2451 653 2475 sane
668 2441 913 2483 Imperatoris
932 2442 1131 2483 augustam
1149 2440 1372 2483 dignitatem
1389 2442 1575 2483 impietati
1591 2445 1738 2477 vestrae

143 2599 191 2641 (l)
216 2600 261 2633 In
284 2601 459 2644 marqine
475 2610 483 2633 ε
510 2600 718 2642 Stupet'acti
732 2602 806 2633 tam
820 2601 911 2633 forti
926 2601 1050 2633 animo
1064 2601 1329 2634 conticuerunt
1345 2601 1590 2643 inquisitores
1604 2604 1733 2636 mutuo

557 2666 640 2689 sese
659 2656 896 2698 aspicientes.

141 2711 190 2751 (2)
279 2711 386 2744 Idem
477 2721 484 2744 :
512 2711 707 2750 Matthaei,
728 2712 781 2744 19.

141 2765 190 2806 (3)
279 2765 386 2799 Idem
477 2777 484 2799 :
511 2766 725 2800 Achilleum
743 2767 1023 2809 argumentum.

141 2821 189 2862 (4)
278 2819 385 2854 Idem
477 2832 484 2855 :
512 2823 662 2856 Crimen
682 2822 783 2855 lesae
801 2822 1024 2863 maJestatis.

141 2875 189 2917 (5)
279 2875 384 2910 Idem
475 2887 483 2910 :
510 2878 592 2910 Hoc
609 2877 708 2910 dicto
726 2877 894 2920 agitabat
910 2878 1122 2920 compedes.

140 2929 188 2972 (6)
278 2932 385 2965 Idem
476 2942 484 2965 :
511 2933 738 2967 Praetextus
755 2933 1035 2974 inquisitorum.
