2096 3481
84 434 125 467 45

85 489 127 522 46

83 599 125 632 47

771 321 907 355 ANNO
935 322 1018 354 1523
1649 322 1711 354 213

131 460 137 467 .
157 434 286 467 Nescit
303 443 347 466 an
367 433 493 475 aliqua
509 433 689 475 suffragia
705 432 872 465 vivorum
889 432 1035 473 prosint
1052 432 1248 464 defunctis.

131 515 138 523 .
158 490 332 523 Praestat
370 498 520 522 servare
552 489 702 521 modum
741 487 957 520 celebrandi
997 487 1150 519 missam
1182 496 1291 528 quum
1329 486 1491 518 servavit
1521 485 1713 527 primitiva

171 545 353 581 Ecclesia,
373 554 482 585 quam
501 543 637 576 involvi
656 543 805 575 statutis
823 542 905 575 istis
923 542 1019 574 citra
1037 543 1104 575 Dei
1122 544 1363 584 praeceptum
1383 541 1507 573 oditis.

129 623 136 631 .
155 599 233 634 Ista
249 601 389 632 statuta
404 609 472 641 per
489 599 696 633 Ecclesiam
714 598 815 630 circa
838 597 990 630 missam
1015 599 1102 630 sunt
1128 598 1300 630 instituta
1316 597 1447 629 contra
1471 597 1711 638 praeceptum

172 655 241 688 Dei
259 656 296 688 et
314 655 464 688 Christi.

84 709 139 743 48.
159 710 197 743 Si
221 711 416 752 praedicta
438 710 579 743 statuta
602 709 659 743 vel
689 709 926 742 ceremoniae
952 710 1037 741 sunt
1062 717 1107 741 ex
1133 707 1369 740 ordinatione
1393 706 1556 739 humana
1579 707 1617 739 ot
1641 715 1713 738 non

173 774 218 797 ex
237 765 362 797 (livino
386 766 601 806 praecepti»,
628 766 715 796 tune
740 765 827 796 sunt
851 764 981 796 contra
1003 763 1063 804 jus
1089 762 1266 794 divinum.

85 819 138 852 49.
159 820 242 852 Non
261 819 474 861 obligamur
490 819 620 861 legere
638 819 750 851 horas
769 819 969 851 canonicas
987 818 1055 850 sub
1072 826 1194 859 poena
1211 816 1380 849 mortalis
1399 816 1553 857 povvati.

85 873 138 907 50.
158 874 242 916 Ipso
274 874 435 916 legendo
468 874 580 906 horas
612 874 812 906 canonicas
845 883 994 915 semper
1033 873 1123 906 fecit
1157 873 1290 904 contra
1321 872 1381 913 jus
1414 872 1592 909 (livinum,
1631 871 1718 911 quia

174 939 362 970 nunquam
381 929 500 962 oravit
518 930 664 970 patrem
681 929 720 961 in
739 929 874 970 spiritu
894 931 932 961 et
948 929 1119 962 veritate.

84 983 139 1016 51.
160 984 291 1017 Mallet
322 985 420 1025 quod
452 983 590 1017 collum
619 994 727 1016 suum
757 985 1030 1025 ammitaretur.
1065 984 1212 1017 etiamsi
1251 983 1409 1016 haberet
1443 983 1571 1015 decem
1607 980 1715 1018 colla,

173 1049 283 1080 quam
301 1040 400 1080 quod
417 1040 665 1081 responderet
683 1040 966 1080 quaestionibus
984 1039 1200 1081 propositis.

84 1094 138 1126 52.
166 1094 204 1128 Si
220 1096 396 1136 peccator
413 1103 452 1127 se
469 1095 589 1127 eredit
606 1103 693 1127 vere
711 1094 935 1132 absolutum,
955 1096 1108 1136 peecata
1124 1094 1212 1126 sunt
1228 1093 1263 1126 ei
1281 1093 1446 1125 dimissa.

85 1149 140 1182 53.
160 1150 335 1182 Praestat
363 1159 437 1182 non
466 1159 606 1192 negare
635 1149 741 1182 laicis
770 1150 868 1190 quod
897 1149 1070 1183 Christus
1098 1149 1270 1181 omnibus
1300 1148 1522 1181 tradendum
1550 1145 1716 1187 reliquit,

172 1205 211 1237 id
229 1206 298 1243 est,
317 1205 619 1238 communionem
638 1205 705 1237 sub
723 1205 883 1246 utraque
900 1205 1037 1246 specie.

85 1259 139 1293 54.
159 1259 412 1293 Prohibentes
436 1259 552 1292 laicos
577 1260 847 1292 communicari
872 1260 939 1293 sub
965 1261 1124 1301 utraque
1149 1259 1274 1301 specie
1298 1258 1442 1291 faciunt
1457 1258 1589 1290 eontra
1606 1257 1721 1290 inten-

174 1315 316 1348 tionem
334 1315 509 1348 divinam.

86 1370 142 1403 55.
160 1371 286 1404 Verba
301 1371 597 1404 consecrationis
615 1371 755 1404 debent
771 1369 846 1403 alte
862 1370 1040 1412 proferri.

87 1425 142 1459 56.
162 1426 424 1469 Interrogatus
443 1435 488 1459 an
506 1425 619 1459 liceat
635 1426 784 1458 sanctos
809 1425 981 1464 adorare,
1009 1425 1105 1458 dixit
1121 1434 1161 1458 se
1179 1424 1280 1458 nolle
1298 1423 1458 1466 amplius
1475 1423 1719 1465 respondere.

88 1480 142 1514 57.
162 1481 425 1524 Interrogatus
451 1491 495 1514 an
522 1483 622 1514 esset
639 1481 814 1514 seductus
839 1490 861 1513 a
883 1480 1050 1514 Luthero
1076 1481 1128 1522 (et
1152 1480 1240 1522 quia
1263 1480 1417 1513 timetur
1441 1488 1523 1512 esse
1547 1479 1723 1511 seductus

178 1545 200 1569 a
216 1536 397 1575 Luthero,
417 1537 501 1569 ideo
519 1537 783 1578 proponuntur
809 1536 844 1568 ei
870 1535 960 1569 talia
983 1535 1292 1578 interrogatoria)
1312 1544 1319 1567 :
1340 1548 1355 1562 u
1374 1535 1455 1578 Ego
1473 1543 1567 1573 sum,
1586 1533 1720 1574 inquit,

177 1592 353 1625 seductus
370 1592 467 1624 sieut
484 1591 656 1624 Christus
673 1591 824 1624 seduxit
840 1591 1042 1633 Apostolos
1061 1600 1159 1624 suos.
1181 1605 1197 1619 n

89 1646 143 1680 58.
164 1647 304 1680 Contra
329 1647 389 1688 jus
417 1647 584 1679 divinum
612 1648 681 1686 est,
711 1646 812 1688 quod
843 1646 972 1679 cleriei
1004 1647 1092 1679 sunt
1118 1646 1284 1688 exempti
1312 1654 1334 1679 a
1359 1644 1614 1687 juridictionis
1642 1642 1723 1686 (sic)

177 1702 431 1744 imperatoris.

89 1757 143 1790 59.
164 1758 268 1799 Papa
298 1767 372 1790 non
405 1757 519 1790 habet
551 1757 663 1790 aliam
702 1758 928 1800 potestatem
969 1766 1079 1798 quam
1110 1756 1352 1799 praedicandi
1383 1755 1538 1789 verbum
1572 1754 1653 1793 Dei,
1687 1754 1725 1787 et

177 1813 355 1854 pascendi
374 1822 461 1846 oves
479 1822 565 1845 suas
582 1813 865 1854 praedieatione
883 1813 987 1846 verbi
1005 1813 1086 1845 Dei.

90 1866 144 1899 60.
165 1867 268 1900 Bene
285 1868 398 1906 videt,
418 1868 517 1909 quod
535 1868 691 1901 verbum
709 1869 778 1901 Dei
797 1877 870 1900 non
889 1869 946 1901 est
962 1868 1000 1900 in
1019 1867 1180 1900 dominis
1197 1866 1477 1899 eommissariis.

90 1922 144 1954 61.
165 1923 219 1955 De
237 1923 313 1955 vita
329 1932 460 1964 parum
478 1924 596 1961 curat,
616 1923 777 1955 animam
796 1932 900 1956 suam
918 1923 1153 1955 commendat
1173 1923 1264 1955 Deo.

91 1977 146 2010 62.
165 1977 249 2010 Non
275 1977 464 2010 intellexit
488 1978 664 2019 abjurare
689 1987 819 2011 omnes
844 1980 881 2011 et
905 1977 1075 2020 singulos
1100 1986 1250 2011 errores
1278 1986 1346 2019 per
1371 1977 1491 2019 ipsum
1517 1977 1721 2009 confessos.

181 2032 229 2066 Et
251 2033 456 2074 requisitus
482 2034 520 2066 et
542 2034 668 2074 jussus
694 2033 839 2066 distulit
863 2033 1051 2075 abjurare.

878 2110 996 2144 Finis.

443 2187 636 2221 Zeldzaam
655 2187 790 2229 drukje
815 2196 885 2220 van
903 2186 944 2220 16
960 2187 1169 2228 bladzijden
1187 2187 1325 2220 zonder
1341 2186 1462 2228 plaats
1480 2185 1576 2218 noch
1592 2185 1727 2227 jaartal

488 2243 584 2275 noch
599 2243 912 2281 drukkersnaam,
931 2251 1104 2275 waarvan
1119 2242 1258 2275 slechts
1271 2251 1340 2275 een
1358 2241 1470 2274 zestal
1486 2241 1727 2283 exemplarcn

487 2298 638 2331 bekend
662 2299 732 2340 zijn
758 2297 809 2341 (te
838 2297 1006 2335 Brussel,
1030 2297 1178 2336 Zurich,
1205 2296 1494 2335 VVolfenbuttel,
1527 2298 1726 2339 Stuttgart,

488 2353 750 2396 Kopenhagen
765 2363 810 2387 en
826 2353 1092 2394 Munehen).—
1103 2353 1166 2385 Zie
1180 2350 1409 2386 Bibliotheca
1423 2351 1587 2395 Belyica,
1603 2351 1650 2384 H.
1668 2351 1730 2384 158

487 2416 533 2441 en
553 2408 615 2441 159
633 2410 671 2441 of
688 2408 969 2452 Mar-tyroloyes,
986 2408 1067 2441 decl
1083 2407 1112 2446 Ι,
1127 2407 1196 2440 blz.
1216 2407 1371 2440 511-513.
1387 2407 1533 2439 Zonder
1549 2406 1729 2448 bewijzen

491 2464 594 2496 werd
612 2463 666 2496 dit
682 2463 876 2505 bundeltje
902 2473 970 2496 aan
996 2463 1138 2496 Lnther
1163 2464 1201 2494 of
1225 2472 1293 2495 :ian
1313 2461 1581 2495 Hei-kenhofer
1605 2463 1731 2504 tooge-

490 2518 686 2552 schreven.
705 2519 796 2559 (net
812 2518 1031 2560 exemplaar
1048 2519 1115 2551 der
1134 2517 1382 2559 Koninklijko
1401 2516 1644 2549 Bibliotheek
1660 2525 1730 2549 van

491 2573 658 2612 Brussel,
693 2575 756 2608 dat
782 2576 841 2615 wij
872 2573 1051 2616 gebruikt
1082 2573 1242 2609 hebben,
1277 2572 1381 2605 heeft
1417 2570 1628 2614 opvolgend
1661 2580 1730 2604 aan

489 2628 525 2662 J.
541 2629 577 2662 J.
593 2629 721 2663 Vande
738 2629 868 2668 Volde,
884 2630 926 2662 Ρ.
943 2630 986 2661 Ρ.
1003 2629 1042 2662 C.
1059 2628 1256 2661 Lammens
1271 2636 1316 2659 en
1332 2628 1435 2659 Prof.
1456 2627 1493 2659 C.
1511 2627 1553 2659 P.
1574 2626 1732 2659 Serrure

490 2693 560 2717 van
593 2685 690 2718 Gent
722 2683 983 2727 toebehoord.)
1012 2683 1055 2717 In
1084 2684 1178 2725 zijne
1207 2680 1512 2716 Nederlandsche
1538 2679 1732 2716 Geschied-

490 2749 637 2783 zan-qen
652 2739 750 2780 (deel
768 2739 797 2778 Ι,
813 2739 881 2772 blz.
902 2738 1058 2780 172-175)
1076 2738 1181 2772 heeft
1196 2738 1276 2771 Van
1294 2737 1429 2770 Vloton
1447 2737 1556 2770 reeds
1574 2737 1619 2770 de
1638 2737 1732 2770 twee

493 2794 708 2836 Latijnsche
746 2795 901 2828 brieven
934 2793 1150 2837 asgedrukt.
1184 2811 1227 2817 —
1259 2793 1328 2826 Die
1360 2792 1514 2826 brieven
1545 2792 1616 2834 ziin
1649 2801 1734 2825 zeer

492 2849 719 2892 belangrijk,
758 2850 885 2882 omdat
915 2850 957 2891 zij
996 2848 1145 2882 zooveel
1178 2847 1496 2890 schilderaehtige
1527 2847 1734 2890 bijzonder-

491 2903 613 2937 heden
638 2904 827 2938 bevatten.
856 2905 910 2937 De
935 2905 1058 2937 eersto
1076 2904 1107 2937 is
1125 2903 1325 2945 overigcns
1343 2903 1436 2935 door
1453 2912 1570 2935 eonon
1596 2911 1734 2945 oogge-

495 2960 599 3002 tuigo
624 2959 854 3003 geschreven
877 2969 883 2992 :
912 2959 962 3001 hij
989 2960 1097 2992 stond
1125 2961 1159 2992 te
1184 2968 1249 2991 ver
1273 2967 1340 2991 van
1368 2958 1392 2990 ’t
1416 2958 1569 2991 schavot
1593 2968 1652 2990 om
1669 2957 1734 2990 het

496 3025 669 3048 scrmoen
689 3017 723 3048 te
744 3015 895 3048 kunnun
914 3014 1076 3055 hooren3
1096 3014 1146 3056 hij
1174 3015 1204 3047 is
1222 3013 1395 3055 askecrig
1419 3023 1487 3046 van
1513 3013 1620 3046 zulke
1639 3013 1735 3045 bloe-
