2096 3481
824 277 961 311 ANNO
988 278 1072 311 1525
1702 279 1766 311 325

128 388 321 430 quibusvis
340 388 424 421 aliis
448 389 698 422 communiter
714 388 773 422 vel
793 389 940 421 divisim
966 399 986 422 a
1011 390 1110 422 dieta
1134 390 1182 422 sit
1206 390 1294 422 sede
1313 389 1512 429 indultum,
1532 391 1630 432 quod
1649 391 1762 424 inter-

127 444 213 483 dici,
243 445 421 486 suspendi
445 444 504 477 vel
533 445 850 477 excommunicari
884 454 957 477 non
983 446 1128 486 possint
1156 454 1224 487 per
1255 445 1401 477 litteras
1432 446 1658 486 apostolicas
1688 455 1761 478 non

127 499 310 532 facientes
322 499 472 540 plenam
498 501 535 533 et
559 509 776 541 expressam
802 500 902 532 aede
922 500 1035 532 verbo
1063 500 1108 532 ad
1133 500 1288 533 verbum
1314 500 1358 533 de
1384 500 1530 533 indulto
1549 501 1765 542 lunjusmodi

128 554 371 593 mentionem,
398 556 436 587 et
461 554 691 596 quibuslibet
708 554 792 587 aliis
814 554 1025 597 privilegiis
1045 556 1082 587 et
1107 555 1262 587 indultis
1289 555 1505 597 apostolicis
1530 557 1596 588 sub
1616 557 1766 596 quibus-

128 618 287 650 cumque
313 610 508 642 tenoribus
533 611 571 642 et
605 610 738 642 formis
774 609 934 652 singulis
962 611 1120 651 prefatis
1144 610 1334 642 concessis
1361 619 1503 652 perque
1533 612 1765 652 presentium

128 663 342 697 litterarum
381 666 418 698 et
457 666 580 698 vestre
619 665 893 706 jurisdictionis
922 665 958 697 in
995 666 1189 706 premissis
1225 666 1447 698 exercitium
1485 666 1768 706 quomodolibet

127 719 304 761 impediri
327 719 386 752 vel
413 720 557 752 differri
577 721 716 761 posset,
737 729 807 760 que
826 720 946 760 quoad
966 719 1036 752 hoe
1060 721 1152 762 ipsis
1177 721 1240 753 aut
1265 720 1377 753 alicui
1401 729 1531 753 eorum
1551 720 1765 754 nullatenus

128 775 330 816 suffragari
350 783 461 816 posse
485 774 543 807 vel
565 775 703 807 debere
730 775 980 807 decernimus.

172 830 309 862 Datum
341 829 463 862 Rome
493 830 591 871 apud
617 830 793 862 Sanctum
819 830 987 868 Petrum,
1015 840 1111 862 anno
1137 831 1408 864 incarnationis
1432 831 1618 864 dominice
1647 831 1767 864 mille-

128 885 222 917 simo
249 885 552 927 quingentesimo
580 885 763 927 vigesimo
797 886 941 926 quinto.
960 886 1084 928 *tertio
1114 886 1258 919 decimo
1288 886 1468 919 kalendas
1497 886 1650 928 Aprilis,
1678 896 1767 928 pon-

129 940 293 972 tificatus
310 940 430 972 nostri
448 949 546 972 anno
565 941 691 973 tertio.

173 995 232 1029 Sic
264 996 455 1039 signatum
479 995 546 1029 sub
577 994 676 1039 plica
704 1006 712 1029 ι
738 995 800 1029 Jo.
835 995 1038 1035 Mattheus,
1077 996 1276 1038 episeopus
1319 997 1570 1037 Veronensis3
1597 1001 1628 1029 et
1656 1007 1772 1040 supra

129 1049 269 1094 plicam
296 1060 304 1083 :
333 1051 376 1083 A.
415 1050 461 1083 de
494 1050 660 1084 Castillo.
699 1051 746 1083 Et
777 1061 801 1084 α
833 1056 933 1095 teryo
959 1061 967 1083 :
998 1051 1168 1094 Recepta
1202 1052 1240 1084 in
1278 1061 1427 1085 camera
1459 1052 1679 1094 apostoliea,
1717 1053 1772 1085 De

131 1105 306 1148 Cesis(l).

479 1161 740 1203 Rijksarehief
767 1163 802 1195 te
833 1161 1001 1200 Brussel,
1040 1162 1208 1204 Registre
1239 1171 1306 1195 sur
1334 1162 1368 1195 Ie
1399 1163 1502 1207 faiel,
1529 1162 1594 1195 sol.
1619 1162 1774 1195 534-536

525 1226 652 1258 verso3
676 1216 795 1250 zelfde
828 1217 1098 1259 Rijksarehief‚
1125 1217 1269 1251 Farcles
1305 1217 1350 1250 de
1388 1218 1524 1250 Vienne
1541 1224 1580 1250 n1'
1595 1217 1638 1250 47
1663 1219 1773 1259 (twee

525 1272 780 1314 afsehriste11);
801 1272 1040 1305 Provinciaal
1067 1272 1225 1305 Arehief
1249 1274 1285 1306 te
1311 1274 1419 1311 Gent,
1452 1272 1644 1306 collection
1670 1272 1771 1306 .Ῑ.-Β.

522 1337 598 1361 υαη
620 1326 876 1371 Steenberqhe,
903 1327 945 1360 F.
982 1327 1036 1366 30,
1068 1328 1299 1361 Doeuments
1336 1328 1478 1368 divers3
1512 1328 1598 1361 Nat.
1631 1327 1774 1361 Biblio-

524 1383 640 1415 theek
658 1384 694 1415 te
709 1383 843 1424 Parijs,
865 1381 988 1415 Fonds
1004 1383 1174 1426 franpais
1190 1383 1252 1416 HS
1273 1389 1311 1416 n1·
1334 1383 1433 1422 9009,
1458 1382 1526 1415 fol.
1543 1382 1663 1424 53·60;
1682 1392 1773 1416 naar

525 1437 590 1470 het
625 1437 771 1471 Tweode
790 1436 1009 1471 Memoriael
1035 1447 1108 1471 van
1132 1436 1202 1470 den
1230 1437 1330 1472 Hove
1357 1439 1442 1479 (van
1468 1438 1653 1480 Utreeht),
1674 1439 1776 1481 asge-

523 1492 638 1525 drukt
661 1493 710 1534 bij
740 1493 850 1531 Dodt,
878 1491 1041 1536 Archz'ef,
1062 1492 1144 1525 deel
1162 1493 1205 1532 V,
1233 1492 1302 1525 blz.
1330 1491 1488 1525 314-317.
1516 1493 1571 1526 De
1597 1493 1698 1526 tekst
1722 1493 1772 1534 bij

525 1548 625 1581 Dodt
642 1548 673 1580 is
693 1547 863 1589 tamelijk
878 1548 1082 1581 bedorven.
1098 1566 1136 1570 —
1158 1547 1256 1582 Over
1274 1549 1362 1581 deze
1380 1548 1506 1587 breve,
1527 1548 1581 1581 zie
1600 1549 1644 1581 de
1663 1548 1772 1590 Hoop

527 1603 708 1642 Scheffer,
738 1601 1011 1642 Geschiedenis,
1039 1602 1109 1636 blz.
1137 1602 1215 1636 207.
1605 1647 1621 1670 η

892 1740 1019 1784 269.

203 1878 341 1923 1525,
371 1873 537 1916 Μαανί
565 1877 640 1923 27,
682 1872 985 1930 Wittenbery.
1017 1869 1259 1914 Uittreksel
1294 1869 1357 1913 uit
1382 1883 1520 1913 eenen
1542 1868 1657 1913 brief
1686 1882 1772 1911 van

132 1945 298 1987 Luther
320 1958 403 1987 aan
427 1944 691 2000 Spalatinus,
713 1945 881 1989 waarin
906 1944 965 2001 hij
993 1943 1142 1994 meldt,
1165 1943 1239 1986 dat
1256 1945 1299 1986 te
1322 1941 1603 1998 Wittenberg
1621 1942 1775 1998 eenige

132 2014 410 2070 aanhangers
442 2014 655 2069 gekomen
680 2014 766 2070 zijn
791 2027 876 2056 van
910 2013 962 2056 de
986 2013 1158 2056 nieuwe
1176 2015 1311 2065 secte,
1334 2011 1401 2055 die
1435 2014 1479 2055 te
1502 2012 1776 2067 Antwerpen

133 2086 339 2126 ontstaan
357 2082 410 2127 is.
447 2083 507 2140 Zij
542 2082 762 2133 beweren,
789 2082 864 2126 dat
892 2082 944 2125 de
969 2082 1140 2138 Heilige
1157 2081 1291 2125 Geest
1313 2082 1427 2125 niets
1449 2081 1609 2125 anders
1631 2080 1668 2123 is
1690 2079 1774 2123 dan

135 2151 210 2196 het
229 2152 395 2209 gezond
419 2152 648 2196 verstand.

572 2242 618 2275 D.
647 2242 800 2286 Georqio
825 2241 1034 2287 spalatino,
1059 2250 1163 2275 servo
1191 2239 1338 2275 Christi.

179 2310 309 2343 Gratia
326 2311 363 2343 et
379 2319 464 2352 pax.
483 2309 652 2342 Remitto
677 2310 744 2342 tibi
763 2308 874 2347 soles,
894 2310 1063 2341 monstra
1077 2308 1158 2347 Dei,
1177 2308 1229 2340 mi
1247 2307 1452 2350 Spalatine.

180 2366 327 2398 Novum
352 2374 472 2408 genus
497 2364 768 2407 prophetarum
787 2374 833 2397 ex
851 2365 1057 2406 Antverpia
1081 2363 1143 2396 hie
1167 2362 1288 2396 habeo
1314 2363 1576 2403 asserentium,
1595 2362 1777 2405 Spiritum

137 2421 314 2455 Sanctum
332 2420 426 2453 nihil
444 2419 546 2453 aliud
571 2429 653 2453 esse
677 2429 788 2461 quam
806 2419 1000 2462 ingenium
1018 2420 1055 2452 et
1072 2419 1258 2451 rationem
1273 2418 1496 2451 naturalem.

181 2476 300 2515 Quam
316 2476 409 2508 furit
426 2475 538 2508 Satan
556 2475 695 2516 ubique
714 2475 893 2508 adversus
917 2475 1092 2508 verbum!
1120 2474 1168 2507 Et
1191 2473 1262 2505 hoe
1279 2474 1380 2506 inter
1404 2473 1513 2516 signa
1530 2483 1603 2505 non
1621 2474 1778 2506 minima

137 2540 308 2570 numero,
335 2531 433 2572 quod
451 2532 489 2564 et
505 2531 585 2572 ipse
603 2530 716 2563 Satan
735 2531 834 2563 diem
851 2529 955 2562 illum
975 2529 1117 2562 sentire
1134 2529 1283 2561 videtur
1302 2538 1309 2560 :
1330 2529 1414 2562 ideo
1439 2529 1680 2562 novissimam
1698 2538 1782 2562 evo-

139 2587 208 2620 mit
224 2587 332 2619 iram.
351 2586 443 2619 Vale
461 2587 499 2619 et
516 2595 583 2618 ora
598 2594 667 2627 pro
685 2594 758 2618 me.

183 2641 481 2685 witembergae,
499 2641 596 2674 feria
611 2640 645 2673 2.
663 2642 760 2683 post.
779 2640 951 2679 Laetare,
979 2639 1171 2672 MDXXV.

1367 2694 1552 2727 Martinus
1577 2693 1731 2728 Luther.

491 2763 545 2795 De
560 2761 699 2800 Wette,
718 2761 763 2794 Dr
777 2762 918 2794 Mar-tin
934 2759 1100 2794 Luther's
1114 2761 1251 2805 Briefe,
1269 2759 1351 2793 deel
1366 2759 1414 2797 ΙΙ,
1432 2759 1502 2792 blz.
1518 2759 1601 2800 641;
1618 2760 1777 2799 Enders,

535 2815 703 2850 Lueher's
716 2814 985 2859 Brieswechsel,
999 2815 1082 2848 deel
1094 2815 1137 2854 V,
1147 2815 1216 2848 blz.
1230 2815 1304 2853 147,
1318 2814 1521 2858 afgedrukt
1533 2815 1582 2857 bij
1598 2815 1633 2848 J.
1645 2815 1781 2849 Frede-

185 2934 232 2975 (1)
258 2933 390 2967 Zooals
407 2943 492 2967 men
510 2935 618 2972 weet,
638 2942 713 2966 was
731 2933 861 2967 alsdan
880 2933 925 2966 de
947 2932 1085 2975 hertog
1108 2941 1178 2965 van
1197 2932 1306 2966 Cesia
1329 2931 1456 2965 keizer
1481 2930 1628 2965 Karel's
1645 2933 1781 2975 gezant

143 2990 180 3023 te
196 2989 329 3022 Rome.
