2096 3481
314 196 375 229 408
1001 188 1136 222 ANNO
1164 187 1247 220 1525

312 305 443 339 Altera
480 301 754 345 apologeticam
795 299 1003 332 orationem
1036 297 1160 336 habet,
1195 306 1267 338 qua
1297 296 1570 339 pollutissimus
1602 296 1667 330 ille
1703 298 1940 330 sacerdotum

312 360 518 393 coelibatus
551 366 617 399 pro
650 365 762 388 causa
794 354 1036 387 NVordenatis
1072 353 1254 387 confutat.
1284 352 1415 385 Tertia
1450 352 1571 391 docet,
1609 361 1721 393 quam
1756 352 1942 394 plumbeis

313 413 546 457 argumentis
586 412 623 444 ct
658 409 809 453 frigidis
840 409 1050 442 rationibus
1084 407 1282 440 veritatem
1321 407 1440 449 ipsam
1478 408 1698 449 oppugnent
1736 407 1940 449 sophistae,

313 478 458 510 quaque
484 467 598 500 animi
622 465 845 507 impotentia
869 465 906 497 in
931 463 1071 496 Christi
1095 464 1281 505 martyres
1299 462 1406 505 gravi
1422 461 1479 494 illi
1496 463 1680 495 serantur.
1699 462 1940 495 Postremum

312 534 399 557 vcro
426 524 548 556 aetum
573 519 868 553 constantissimi
900 519 1078 560 martyris
1107 517 1332 559 supplicium
1358 518 1395 549 et
1418 516 1627 559 gloriosum
1654 517 1771 558 ipsius
1800 517 1942 550 obitum

312 578 523 620 occupabit.
544 576 647 609 Bene
664 575 760 613 vale,
778 575 898 607 lector
916 575 1069 616 optime,
1089 575 1126 606 ct
1142 572 1334 605 laboribus
1360 573 1498 605 nostris
1522 582 1568 605 ex
1592 573 1732 615 pictate
1757 573 1940 615 susceptis

310 636 347 667 in
366 634 434 667 Dci
452 632 613 675 gloriam
631 632 668 664 et
685 631 873 672 publicam
892 628 1089 671 Evangelii
1106 628 1400 671 gratulationem
1425 629 1544 661 utere.

351 689 406 723 Ex
425 687 539 721 exilio
560 687 702 723 nostro.
721 685 902 718 kalendas
921 684 1155 722 Decembris.
1174 693 1270 716 anno
1291 683 1389 716 1520.

383 810 542 845 Joannz‘s
573 818 596 842 a
635 806 796 841 lVorden
829 807 917 845 vita,
947 816 1017 850 per
1049 804 1283 838 Gulz‘elmum
1315 802 1538 842 Gnapheum
1568 803 1795 847 Hayz‘ensem
1830 805 1871 838 in

1003 860 1122 894 lucem
1139 858 1251 894 edita.

352 954 518 986 ,Ioannes
548 951 748 988 Pistorius,
779 950 931 982 natione
956 948 1178 986 Hollandus‚
1204 947 1329 990 patria
1351 947 1591 980 Wordenas:
1618 947 1752 980 humili
1777 948 1942 989 quidem,

311 1010 375 1042 sed
402 1008 559 1040 honesto
585 1006 667 1038 loco
693 1006 937 1045 honestisque
961 1004 1181 1045 parentibus
1206 1004 1327 1041 natus,
1347 1003 1494 1035 coaevis
1520 1003 1596 1035 suis
1620 1003 1720 1036 vitae
1744 1002 1943 1037 honestate

313 1074 354 1097 ac
381 1063 520 1095 virtute
549 1071 570 1094 a
595 1071 713 1103 puero
738 1060 940 1102 praeluxit.
967 1059 1059 1092 Inde
1092 1059 1185 1091 adeo
1216 1058 1291 1090 iam
1323 1059 1432 1090 natus
1464 1058 1662 1090 duodecim
1695 1067 1824 1097 annos,
1858 1067 1943 1090 cum

311 1119 347 1150 in
382 1118 473 1150 aede
513 1125 657 1149 summa
696 1116 793 1157 apud
835 1115 1132 1156 Ultrajectonses
1172 1113 1372 1146 canonicos
1406 1113 1454 1145 tle
1493 1122 1598 1146 more
1634 1113 1824 1146 accineret
1859 1113 1944 1155 (vox

312 1173 489 1205 nimirum
516 1181 634 1213 puero
665 1172 800 1212 arguta
829 1170 938 1211 erat),
970 1169 1207 1202 sacerdotum
1235 1168 1398 1210 collegio
1428 1168 1666 1210 gratissimus
1694 1168 1777 1200 fuit.
1806 1168 1851 1201 In
1874 1168 1946 1201 hoc

313 1229 437 1260 autem
462 1227 560 1259 vitae
586 1235 726 1269 genere
752 1235 835 1258 cum
861 1226 992 1257 exacto
1019 1224 1179 1257 triennis
1202 1232 1424 1256 rancescere
1449 1224 1585 1265 coepit,
1613 1232 1728 1265 aegre
1746 1224 1946 1256 admodum

313 1284 464 1315 obtenta
483 1292 503 1315 a
527 1281 785 1315 sacerdotibus
802 1281 908 1319 rude,
929 1280 974 1312 ad
992 1280 1208 1312 intermissa
1224 1279 1299 1311 imo
1324 1279 1483 1311 remissa
1507 1278 1723 1319 aliquandiu
1748 1278 1946 1311 literarum

314 1338 437 1370 studia
461 1346 606 1370 summa
633 1346 717 1368 cum
742 1336 857 1368 animi
883 1335 1078 1368 alacritate
1102 1335 1230 1375 redijt.
1257 1334 1354 1366 Hinc
1379 1335 1629 1375 praeceptore
1653 1334 1774 1366 utitur
1796 1334 1944 1367 ‚Ioanne

316 1392 481 1430 Rhodio,
510 1391 722 1434 percelebri
749 1390 1039 1432 Hieronymiani
1068 1389 1217 1431 collegij
1248 1389 1455 1430 praefectQ
1486 1389 1566 1421 viro
1596 1398 1680 1421 cum
1713 1389 1836 1429 docto,
1866 1390 1946 1421 tum

314 1448 389 1489 pio,
418 1456 439 1479 a
467 1456 539 1488 quo
568 1446 719 1488 pietatis
745 1446 783 1478 et
806 1444 1005 1487 religionis
1034 1446 1185 1476 nostrae
1210 1444 1413 1485 praccepta
1440 1443 1608 1476 studiose
1633 1443 1776 1482 didicit,
1802 1444 1946 1484 profes-

312 1503 504 1543 sionisque
529 1511 618 1534 suae
644 1502 830 1543 tyrocinia
855 1500 985 1533 sedulo
1012 1500 1195 1541 exercuit3
1221 1500 1308 1532 inde
1335 1500 1427 1532 adeo
1446 1500 1584 1532 etcum
1607 1500 1855 1541 praeceptore
1874 1509 1940 1532 suo

313 1559 502 1590 studiosus
531 1556 736 1598 discipulus
768 1557 807 1588 in
839 1556 1119 1588 Lutheranismi
1152 1555 1278 1587 odium
1314 1555 1440 1587 statim
1473 1555 1530 1587 est
1560 1556 1727 1587 vocatus.
1761 1554 1946 1596 Coeperat

313 1613 413 1646 enim
439 1622 508 1654 per
535 1612 574 1644 id
602 1613 748 1653 tempus
778 1617 975 1653 emergere
1005 1611 1144 1643 veritas
1173 1609 1402 1652 Evangelica
1428 1619 1435 1642 :
1467 1610 1527 1642 cui
1551 1610 1774 1643 vindicando
1801 1611 1945 1643 crebris

311 1669 350 1701 in
379 1667 619 1701 Germaniam
647 1667 946 1708 profectionibus
975 1666 1074 1698 idem
1103 1665 1276 1698 Rhodius
1305 1665 1380 1697 iam
1408 1666 1487 1697 tum
1515 1665 1682 1697 vacabat.
1714 1665 1829 1698 Pater
1856 1674 1945 1698 vero

313 1723 475 1764 optimus
504 1721 582 1754 filio
612 1722 748 1754 timens
776 1721 947 1758 exitium,
977 1720 1161 1762 gliscente
1186 1719 1364 1751 nimirum
1388 1720 1510 1752 indies
1535 1720 1656 1762 magis
1685 1720 1796 1760 atque
1826 1720 1947 1762 magis

312 1778 442 1810 odiosa
467 1776 747 1809 Lutlieranismi
773 1776 999 1817 suspicione,
1020 1784 1104 1807 eum
1130 1775 1203 1807 iam
1228 1784 1248 1807 e
1273 1774 1360 1806 ludo
1387 1774 1538 1807 domum
1562 1776 1779 1807 revocatum
1804 1775 1946 1807 aeditui

312 1842 445 1865 munus
471 1841 596 1864 secum
622 1831 729 1864 obire
754 1831 875 1862 iussit.
903 1830 945 1862 In
972 1839 1044 1871 quo
1070 1830 1221 1870 quidem
1244 1829 1399 1862 minime
1424 1829 1569 1862 destitit
1595 1829 1790 1872 Evangelij
1821 1839 1948 1862 renas-

311 1888 430 1920 centis
461 1886 664 1928 praeconia
695 1886 911 1918 concivibus
950 1885 1091 1926 passim
1130 1885 1207 1916 suis
1246 1884 1438 1917 inculeare
1479 1885 1516 1917 et
1554 1884 1693 1917 multos
1733 1884 1947 1926 proselytos

314 1943 462 1975 Christo
496 1937 695 1974 adducere.
730 1941 827 1973 Hinc
859 1949 947 1973 vero
980 1940 1189 1973 Lovanium
1220 1939 1356 1972 missus
1389 1940 1434 1972 ad
1466 1940 1690 1980 capiendum
1723 1939 1946 1973 ulteriorem

313 1997 454 2039 ingenij
487 1996 640 2035 cultum,
671 1996 829 2028 Erasmo
860 1996 1003 2032 nostro,
1033 1995 1258 2027 Batavorum
1282 1994 1428 2037 gloriae
1458 1996 1495 2027 et
1523 1994 1728 2036 splendori,
1758 2005 1843 2028 cum
1874 2004 1945 2036 quo

313 2053 461 2094 parenti
480 2052 621 2093 optimo
645 2053 752 2084 vetus
769 2051 975 2092 hospitium
1001 2060 1043 2082 ac
1068 2060 1212 2082 summa
1229 2051 1467 2083 necessitudo
1486 2051 1523 2082 in
1542 2050 1799 2083 adulescentia
1821 2051 1948 2083 fuerat

314 2108 402 2148 (una
427 2107 527 2140 enim
552 2107 652 2139 (lomi
669 2107 707 2139 in
725 2106 847 2138 literis
866 2105 1076 2138 trivialibus
1093 2106 1352 2146 perdiscendis
1377 2105 1648 2147 militaverunt)
1666 2106 1947 2138 commendatus

312 2163 448 2195 mirum
472 2171 581 2203 quam
606 2162 711 2194 brevi
729 2161 910 2202 temporis
928 2160 1116 2193 curriculo
1134 2161 1352 2202 profecerit.
1373 2161 1488 2193 Pater
1505 2169 1594 2193 vero
1613 2160 1762 2199 exhinc,
1782 2161 1839 2194 rei
1857 2170 1949 2194 suae

312 2217 511 2250 familiaris
528 2216 747 2257 compendio
766 2216 886 2258 magis
911 2216 1079 2248 intentus
1105 2225 1215 2256 quam
1239 2215 1305 2256 filij
1333 2215 1478 2256 studijS,
1504 2215 1718 2248 medidatur
1741 2216 1945 2258 rationem,

315 2281 387 2313 qua
415 2274 452 2305 ct
480 2281 526 2304 ex
555 2271 620 2312 filij
651 2280 767 2312 opera
793 2271 1018 2312 proventum
1047 2271 1205 2312 accipiat
1232 2281 1239 2302 :
1271 2270 1490 2311 TraJ'ectum
1518 2271 1679 2311 proinde
1715 2280 1800 2303 eum
1832 2271 1949 2303 mittit

314 2328 429 2359 sacris
447 2327 682 2359 initiandum.
704 2326 862 2368 Cogitur
879 2325 938 2357 hic
956 2326 1102 2358 iuvenis
1121 2326 1283 2367 optimus
1300 2326 1468 2367 parentis
1494 2326 1551 2358 sui
1575 2326 1672 2357 votis
1691 2326 1945 2366 acquiescere,

314 2383 464 2425 cogitur
482 2382 598 2414 sacris
616 2390 752 2413 nomen
771 2381 873 2416 dare.
901 2381 1069 2421 adeoque
1084 2380 1416 2413 Lutheranismum
1434 2381 1629 2421 abiurare3
1649 2381 1750 2421 quod
1767 2380 1948 2413 hactenus

316 2438 466 2478 quidem
491 2437 593 2475 fecit,
622 2437 805 2477 quatenus
831 2436 952 2468 sectas
978 2436 1098 2468 nescit
1120 2435 1320 2478 religionis
1349 2435 1579 2467 christianae
1605 2435 1841 2477 simplicitas,
1866 2435 1948 2468 Hoc

315 2493 413 2525 vitae
444 2501 563 2534 genus
602 2493 643 2523 ut
675 2500 865 2532 nunquam
897 2490 1006 2523 valde
1038 2490 1181 2532 placuit
1212 2491 1392 2529 Pistorio,
1426 2490 1479 2522 ita
1509 2490 1650 2532 passim
1686 2491 1845 2523 testatus
1877 2492 1946 2530 est,

318 2556 357 2580 se
387 2556 467 2579 eam
490 2547 632 2579 ordinis
661 2545 908 2579 ecclesiastici
933 2546 1153 2578 servitutem
1182 2546 1377 2578 admisisse
1404 2546 1442 2577 in
1470 2546 1589 2587 patris
1617 2546 1790 2588 gratiam,
1819 2546 1879 2579 vel
1907 2548 1949 2579 ut

315 2602 385 2634 hae
417 2602 476 2633 via
508 2611 553 2633 ex
582 2602 754 2642 professo
786 2601 914 2642 posset
946 2600 1243 2633 cathechismum
1275 2609 1468 2637 exercere,
1502 2601 1543 2633 ut
1575 2601 1743 2634 studiose
1774 2602 1948 2634 exercuit

315 2657 352 2688 in
382 2657 515 2697 patria.
546 2656 659 2688 Cuius
688 2656 744 2688 rei
771 2657 872 2688 fama
900 2656 1022 2698 magis
1052 2657 1162 2696 atque
1188 2657 1308 2698 magis
1335 2656 1611 2697 crebrescente,
1639 2656 1780 2688 factum
1809 2657 1878 2694 est,
1907 2657 1949 2688 ut

316 2721 388 2742 non
414 2711 465 2743 ita
482 2710 598 2743 multo
616 2711 701 2752 post
725 2710 943 2751 Trajectum
967 2720 1034 2751 pro
1061 2720 1174 2743 causa
1198 2711 1366 2743 dicturus
1390 2712 1603 2744 vocaretur.
1624 2711 1697 2744 Sed
1716 2711 1762 2743 ob
1781 2711 1947 2744 animad-

317 2776 443 2799 versas
468 2766 519 2797 ibi
549 2767 627 2798 tum
650 2765 806 2797 insidias
835 2766 905 2797 sibi
930 2766 1134 2798 intentatas
1160 2775 1378 2807 comparere
1404 2775 1531 2798 coram
1558 2766 1846 2809 malignantium
1875 2767 1947 2799 sibi

318 2820 477 2853 ecelesia
504 2821 737 2853 detractavit.
767 2821 860 2853 Eam
888 2821 1161 2853 contumaciam
1190 2821 1453 2862 Trajeetenses
1483 2821 1632 2863 collegi]
1664 2821 1836 2854 flamines
1862 2830 1946 2863 gra-

320 2875 471 2908 vissima
497 2876 732 2916 querimonia
759 2876 857 2917 apud
885 2875 1111 2909 Hollandiae
1140 2877 1311 2909 senatum
1340 2877 1562 2918 deposuere.
1592 2876 1731 2909 Habita
1759 2877 1815 2908 est
1842 2885 1945 2919 syco-
