2096 3481
319 259 362 288 00
1017 251 1153 284 ANNO
1181 251 1262 284 1522

315 370 349 400 ct
371 365 603 408 intelligibili
622 374 724 399 voce.
745 363 943 405 qnamdam
963 363 1167 396 notabilem
1185 363 1401 395 contionem
1429 362 1509 395 sive
1536 370 1750 396 sermonem
1766 362 1804 394 in
1821 361 1953 405 lingua

315 421 532 454 teutonicam
557 421 668 461 hujus
696 420 818 461 patrie
847 418 1059 451 Brabancie
1083 417 1290 451 solemnem
1319 417 1421 455 tecit,
1452 416 1589 450 multas
1615 417 1728 450 Sacrc
1756 417 1951 458 Scriptum

313 477 554 509 auctoritates
582 474 698 507 latine
737 473 936 515 allegando
969 478 1003 505 ct
1033 473 1222 506 teutonice
1246 472 1531 513 interpretando
1574 472 1619 504 ad
1651 472 1887 513 propositum
1912 472 1951 504 et

315 531 507 563 inat-riam
526 539 591 562 sne
609 529 822 571 penitencie
841 537 882 560 ac
899 528 1131 560 reductionis
1149 528 1195 560 ad
1213 530 1339 560 sancte
1365 527 1496 559 matris
1521 526 1679 559 ecclesie
1693 527 1880 569 gremium
1904 526 1949 559 ab

312 587 409 618 intra
427 585 577 627 scriptis
599 584 792 617 erroribus
810 584 848 615 ct·
865 582 1076 618 heresibus,
1097 583 1133 614 in
1153 592 1245 623 quos
1263 591 1328 614 seu
1349 591 1441 623 quas
1459 582 1578 614 frater
1593 582 1759 615 «Iacobus
1783 582 1950 614 incurre-

311 642 369 673 rat
385 641 566 673 facientes
579 641 617 671 ct
634 639 785 671 omnino
799 638 1046 678 pertinentes,
1057 646 1130 678 qua
1144 638 1304 678 quadam
1317 637 1494 669 contione
1509 645 1574 669 seu
1592 645 1767 670 sermone
1780 637 1947 678 peracto,

310 697 407 728 idem
432 696 550 727 frater
572 694 736 726 Jacobus
766 693 866 724 infra
891 693 1010 724 tactos
1035 691 1214 724 articulos
1240 691 1357 725 latine
1386 692 1548 733 scriptos
1566 690 1643 724 alta
1659 692 1697 724 et
1713 689 1949 734 intelligibili

313 761 401 783 voce
420 750 465 782 ad
483 750 693 791 predictum
719 747 862 780 clerum
881 754 916 780 et
934 746 1115 788 populum
1138 747 1182 779 de
1199 748 1314 780 verbo
1333 747 1378 779 a‹l
1396 747 1563 785 verbum,
1584 747 1696 780 sicuti
1712 746 1950 780 subscribun-

314 808 387 840 tur.
408 804 671 847 premunt-iavit
693 814 699 835 :

358 881 372 888 „
403 861 484 903 Ego
514 861 632 891 frater
662 858 828 891 ‹lat-obus
862 857 1065 899 I‘repositi.
1099 856 1305 900 religiosus
1338 858 1482 890 ordinis
1522 857 1795 891 heremitarum
1830 857 1951 890 sancti
2000 887 2005 894 ,

312 915 527 959 Augustini.
547 914 821 947 anathematizo
841 922 989 945 omnem
1007 912 1184 950 heresim,
1205 913 1243 946 et
1258 913 1438 954 precipue
1463 922 1544 946 eam
1570 913 1616 946 de
1640 921 1714 953 qua
1737 912 1949 945 diffamatus

312 981 392 1004 sum
419 977 454 1003 et
480 979 590 1011 quam
615 970 735 1001 frater
760 968 946 1001 Martinus
964 967 1109 1000 Luther
1126 968 1164 1000 in
1182 968 1259 1000 suis
1276 967 1384 1000 libris
1398 969 1437 1001 et
1453 969 1499 1000 ad
1515 967 1697 1010 populum
1713 967 1950 1000 sermonibus

310 1026 384 1059 hiis
413 1025 646 1067 temporibus
681 1024 807 1059 docuit
837 1025 875 1055 et
904 1023 1036 1061 tenuit,
1068 1024 1224 1064 propter
1249 1032 1360 1064 quam
1385 1032 1407 1055 a
1435 1023 1523 1056 sede
1548 1022 1756 1065 apostolica
1772 1023 1950 1063 tanquam

311 1081 501 1114 hereticus
526 1089 610 1112 cum
635 1088 703 1111 sua
728 1078 900 1110 doctrina
918 1078 1115 1110 damnatus
1133 1079 1201 1115 cst,
1221 1078 1382 1110 maxime
1401 1078 1523 1119 quoad
1541 1077 1721 1110 articulos
1744 1077 1783 1109 in
1811 1076 1950 1110 litteris

310 1135 526 1178 apostolicis
551 1142 762 1175 expressos.
791 1133 992 1165 Consentio
1023 1133 1292 1165 autom‘sancte
1319 1133 1490 1165 Romane
1515 1132 1674 1166 ecclesie
1697 1132 1737 1164 in
1761 1132 1947 1170 omnibuS,

310 1200 404 1232 quae
433 1190 478 1223 ad
510 1189 754 1221 christianam
786 1187 1013 1230 religionem
1056 1189 1240 1229 spectant,
1275 1189 1312 1220 et
1347 1189 1531 1220 confiteor
1570 1196 1804 1229 quecumque
1840 1187 1949 1220 sedes

310 1244 517 1287 apostolica
542 1244 755 1276 confitetur.
776 1243 936 1284 Insuper
971 1243 1092 1275 sentio
1112 1245 1149 1275 et
1185 1244 1294 1276 teneo
1322 1244 1511 1284 prefatum
1540 1242 1745 1275 Martinum
1773 1251 1859 1274 cum
1883 1251 1951 1274 sua

311 1301 483 1333 doctrina
500 1300 572 1332 rite
591 1305 628 1331 et
652 1298 839 1340 legittime
865 1307 886 1330 a
910 1298 1009 1330 dicta
1031 1299 1159 1330 saneta
1176 1298 1265 1330 sede
1283 1297 1491 1340 apostolica
1521 1298 1848 1339 condempnatum,
1867 1297 1949 1338 eJus

311 1355 442 1393 libros,
463 1356 643 1388 tractatus
661 1353 719 1386 vel
738 1362 944 1391 sermones,
966 1355 1042 1385 tam
1060 1353 1181 1385 editos
1200 1362 1311 1394 quam
1325 1353 1503 1391 edendos,
1521 1353 1625 1386 recte
1642 1353 1779 1385 vetitos
1795 1351 1874 1395 legi
1889 1351 1948 1385 vel

311 1410 432 1443 teneri
458 1419 498 1442 ac
528 1409 702 1441 incendio
732 1408 830 1441 tradi
855 1408 1064 1440 mandatos.
1093 1408 1317 1449 Specialiter
1341 1409 1465 1441 autem
1481 1408 1645 1449 reprobo
1663 1407 1844 1448 quosdam
1862 1407 1949 1439 arti-

309 1465 426 1503 culos,
453 1473 612 1505 quorum
631 1463 776 1504 aliquos
793 1462 943 1504 publice
972 1463 1175 1504 predicavi.
1205 1463 1299 1496 alios
1313 1463 1490 1505 privatim
1506 1462 1746 1496 familiariter
1764 1462 1946 1504 expressi,

312 1521 460 1552 ceteros
479 1519 577 1561 apud
596 1528 655 1551 me
673 1518 785 1556 sensi,
805 1518 913 1559 juxta
928 1518 1090 1550 formam
1108 1527 1179 1559 quc
1198 1519 1391 1559 sequitur:

945 1602 1138 1635 Articulus
1155 1603 1312 1644 primus.

351 1679 512 1711 Tantum
531 1679 605 1710 tria
621 1677 780 1711 ecclesie
795 1680 1043 1716 sacramenta,
1060 1677 1206 1710 scilicet
1223 1677 1420 1720 baptisma,
1435 1678 1648 1720 penitentia
1663 1678 1702 1711 et
1718 1677 1949 1711 eucharistia

307 1742 486 1775 expressa
502 1733 540 1766 in
559 1733 755 1774 Scriptura
780 1732 906 1771 Sacra,
933 1734 1019 1764 sunt
1045 1733 1225 1765 divinitus
1242 1733 1428 1765 instituta.
1447 1733 1612 1774 Reliqua
1629 1734 1754 1766 autem
1771 1727 1949 1774 quattuor

306 1789 523 1822 humanitus
540 1797 609 1830 per
627 1788 839 1821 ecclesiam.

920 1853 1113 1887 Articulus
1131 1855 1331 1888 sccundus.

350 1928 433 1960 Non
452 1927 510 1960 cst
525 1926 781 1970 indulgenciis
798 1927 1076 1960 confidendum.

933 1993 1127 2026 Articulus
1145 1994 1292 2027 tertius.

348 2066 453 2107 Papa
469 2064 732 2108 indulgencias
750 2065 841 2098 dare
862 2074 935 2097 non
953 2066 1090 2107 potest.

929 2147 1123 2181 Articulus
1141 2149 1308 2190 quartus.

347 2220 596 2263 Indulgencie
613 2229 687 2253 non
706 2221 794 2253 sunt
810 2220 993 2253 efficaces

936 2293 1096 2331 Quintus
1114 2292 1308 2326 articulus.

348 2363 463 2396 Nulla
478 2363 615 2396 merita
631 2364 849 2396 sanctorum
867 2362 951 2396 aliis
970 2362 1152 2405 applicari
1168 2364 1339 2405 possunt.

947 2445 1082 2479 Sextus
1109 2445 1302 2478 articulus.

348 2512 483 2546 Omnia
507 2522 623 2555 opera
646 2514 864 2546 sanctorum
881 2514 1037 2555 peccata
1053 2514 1140 2546 sunt
1164 2514 1202 2546 et
1225 2513 1487 2546 misericordia
1510 2513 1731 2556 ignoscente
1755 2513 1793 2546 et
1815 2511 1942 2545 remit-

304 2570 407 2600 tente
425 2573 551 2610 egent.

919 2624 1108 2666 Septimus
1133 2623 1327 2657 articulus.

347 2695 482 2727 Nullus
515 2698 572 2728 est
603 2695 763 2729 ecclesie
796 2696 996 2729 thezaurus
1030 2697 1160 2737 preter
1184 2695 1323 2729 Christi
1354 2696 1501 2734 merita,
1535 2703 1630 2737 quae
1655 2695 1849 2728 dumtaxat
1869 2704 1939 2738 per

302 2750 425 2791 ipsum
444 2750 635 2783 Christum
652 2751 856 2792 unicuique
874 2752 1081 2784 secundum
1098 2760 1203 2784 suam
1220 2751 1334 2784 fidem
1351 2750 1600 2793 applicantur.

931 2824 1092 2858 Octavus
1117 2824 1310 2858 articulus.

348 2893 535 2927 Lutherns
567 2904 652 2928 cum
683 2905 751 2929 sua-
789 2896 963 2931 doctrina
1001 2906 1075 2930 non
1115 2898 1173 2930 est
1211 2896 1382 2942 legitime
1419 2905 1490 2941 per
1527 2895 1654 2931 sedem
1693 2894 1937 2940 apostolicam

303 2949 613 2993 condempnatus.
