2096 3481
819 235 956 271 ANNO
983 237 1065 269 1524
1701 234 1762 267 281

176 349 225 382 Hi
242 358 328 382 mox
346 357 367 382 e
384 349 461 382 suis
479 348 910 390 deputantAntvcrpiam
928 347 1122 379 Ruardum
1138 346 1362 388 Tappcrum,
1382 347 1532 378 sanctae
1550 343 1765 387 theologiae

131 405 336 442 doctorem,
356 405 419 445 qui
435 413 515 437 rem
533 404 698 444 inquirat
716 412 756 435 ae
775 403 964 435 inventum
989 411 1094 433 reum
1113 404 1270 434 conetur
1287 402 1331 433 ab
1356 401 1549 433 erroribus
1573 408 1761 432 revocare.

174 459 233 492 Sic
257 462 381 492 autem
407 459 602 500 Tapperus
627 458 927 490 commissionem
944 466 1046 489 suam
1066 459 1244 489 executus
1259 458 1328 493 cst,
1357 458 1395 487 ut
1412 458 1540 497 pastor
1558 464 1766 495 agnoscens

131 523 281 547 errores
298 523 386 546 suos
403 517 486 555 post
504 513 648 546 Pascha
666 512 830 545 tenderit
848 512 1051 544 Lovanium
1070 514 1107 543 et
1124 521 1249 543 eoram
1270 513 1347 543 tota
1365 510 1543 542 facultate
1563 509 1767 551 tii-:oligica

129 569 211 610 ejus
228 578 340 601 causa
367 571 599 611 congregata
626 576 775 600 errores
793 576 879 599 suos
899 567 1096 608 agnoverit
1114 569 1151 599 ct
1169 566 1410 607 abjuraverit,
1431 568 1468 604 ct
1485 565 1702 606 promiserit
1727 574 1765 596 sc

131 624 307 665 deinceps
334 624 577 656 christianam
609 622 834 665 religionem
863 625 1186 664 propugnaturum
1220 630 1261 653 ac
1294 620 1480 653 haeresim
1512 619 1765 652 Lutheranam

130 680 446 721 expugnaturum.

172 734 310 767 Verum
329 733 440 776 paulo
453 735 539 775 post
556 734 691 765 iterum
710 733 876 764 auditum
896 734 951 764 est
967 732 1119 764 Levanii
1135 741 1203 773 per
1220 731 1292 763 fide
1307 731 1422 772 digna
1436 729 1651 761 testimonia
1665 737 1768 770 prae-

129 789 268 822 dictum
287 788 483 822 Nicolaum
501 788 689 829 relapsum
705 797 786 819 csse
804 790 841 819 et
858 788 987 828 pejora
1006 797 1114 827 quam
1134 789 1219 818 ante
1234 786 1483 827 praedicasse.
1501 784 1597 816 Hinc
1615 785 1765 815 sanctae

129 841 344 884 theologiae
362 840 520 873 facultas
538 840 668 872 scribit
685 840 847 881 desuper
869 840 913 871 ad
931 839 1135 880 capitulum
1153 838 1428 879 Antvcrpiense
1443 839 1631 877 tamquam
1645 837 1768 877 patro·

130 906 217 929 num
245 897 282 929 et
310 898 499 937 pastorem
531 895 774 936 primitivum,
813 895 1017 927 admonens
1057 903 1103 926 ne
1131 896 1169 926 ct
1196 893 1269 934 ipsi
1298 891 1527 925 seductionis
1562 891 1765 932 participes

128 952 232 988 fiant,
251 951 418 992 adeoque
437 952 488 988 ut,
508 960 591 982 cum
610 949 710 982 aliud
728 950 891 982 medium
907 959 979 981 non
998 949 1173 990 supersit,
1191 948 1235 980 ad
1253 947 1527 989 depositionem
1544 946 1762 988 procedant.

127 1005 335 1048 Epistolam
353 1005 455 1038 illam
474 1006 627 1038 mittunt
644 1006 816 1037 doctores
834 1014 901 1046 per
927 1004 1147 1037 officiarium
1165 1012 1273 1035 suum
1290 1003 1309 1034 5
1325 1002 1419 1035 ‹Julii
1439 1001 1580 1034 1524....

169 1061 259 1102 Quis
276 1063 401 1094 autem
420 1061 504 1093 finis
528 1061 644 1093 fuerit
661 1060 773 1101 hujus
790 1060 964 1101 pastoris,
986 1068 1058 1091 non
1073 1059 1204 1099 liquet.

476 1139 714 1176 Dicrcxscns,
734 1137 949 1183 Auecerpia,
970 1136 1051 1170 decl
1070 1137 1132 1175 IV,
1151 1135 1221 1169 blz.
1243 1135 1296 1173 10,
1319 1135 1368 1174 11,
1388 1136 1438 1168 13.

889 1298 1008 1340 223.

195 1447 335 1493 1524,
370 1441 476 1484 Julz’
509 1446 553 1492 5,
583 1442 788 1483 Leuven.
838 1440 961 1484 Brief
998 1455 1083 1483 van
1127 1441 1179 1482 de
1216 1438 1504 1496 godgeleerdc-
1544 1437 1766 1481 Faculteit

125 1513 203 1557 der
222 1513 502 1558 Leuvensche
525 1511 814 1568 hoogeschool
839 1525 921 1553 aan
940 1511 1015 1553 het
1037 1509 1221 1565 kapittel
1240 1508 1318 1551 der
1334 1508 1384 1551 Ο.
1403 1506 1764 1550 L.Vr0uwekerk

125 1586 169 1626 te
194 1584 461 1638 Antwerpen
488 1595 592 1625 over
614 1582 696 1624 den
731 1580 997 1623 verdachten
1022 1579 1220 1622 Nicolaas
1244 1591 1328 1620 van
1362 1576 1556 1626 Brussel‚
1588 1579 1766 1632 pastoor

123 1666 207 1695 van
227 1651 454 1696 St-Jacobs
476 1651 641 1694 aldaar.
669 1676 725 1682 —
739 1648 857 1693 Voor
876 1649 1072 1692 Paschen
1091 1647 1176 1690 had
1195 1647 1298 1690 deze
1317 1645 1555 1689 verdachte
1580 1659 1764 1687 sermoe-

123 1735 221 1764 men
257 1721 504 1777 gepredikt,
553 1720 698 1764 zooals
743 1733 825 1762 aan
869 1718 1018 1761 Ruard
1072 1718 1242 1773 Tapper
1292 1715 1506 1772 gebleken
1551 1728 1659 1757 was.
1696 1715 1762 1758 Na

123 1790 321 1834 Paschen
358 1790 501 1832 kwam
524 1789 726 1833 Nicolaas
745 1801 852 1831 naar
878 1789 1051 1830 Leuven
1076 1800 1128 1829 en
1152 1799 1298 1828 zwoer
1321 1798 1369 1827 er
1405 1784 1518 1841 ziJne
1554 1783 1760 1839 dolingen

123 1860 320 1917 plechtig
337 1858 396 1903 af.
423 1858 673 1901 Sedertdien
698 1857 857 1901 keerde
891 1857 949 1913 hij
976 1859 1041 1900 tot
1063 1855 1174 1912 zijne
1197 1855 1375 1912 ketterij
1402 1857 1548 1909 terug.
1576 1854 1761 1895 Daarom

123 1929 267 1972 wordt
290 1927 347 1986 bij
382 1928 458 1971 het
491 1927 675 1984 kapittel
709 1927 787 1970 der
809 1926 856 1969 Ο.
897 1927 944 1969 L.
980 1924 1287 1968 Vrouwekerk
1310 1922 1651 1979 aangedrongen
1687 1924 1763 1964 ten

124 1998 249 2042 einde
273 2002 406 2054 tegeri
430 1997 530 2040 hem
567 1996 828 2052 maatregels
859 1999 903 2038 te
930 2008 1098 2038 nemen.
1136 1995 1194 2036 De
1227 1992 1508 2036 Leuvensche
1539 1990 1759 2034 Faculteit

124 2068 253 2111 zendt
276 2071 364 2110 met
386 2067 461 2109 dat
483 2066 577 2108 doel
603 2079 739 2108 eenen
767 2065 896 2107 harer
917 2063 1195 2106 ambtenaars
1219 2075 1326 2105 naar
1345 2062 1634 2116 Antwerpen.

166 2159 454 2194 Venerabilibus
483 2169 525 2192 ac
552 2158 888 2200 praestantissimis
917 2157 1078 2189 dominis
1107 2155 1289 2189 ecclcsiae
1318 2155 1450 2187 beatae
1479 2153 1648 2196 Virginis
1673 2153 1764 2185 Ant-

123 2216 345 2258 werpiensis
362 2216 565 2253 canonicis,
655 2215 731 2247 suis
750 2222 898 2254 semper
915 2212 1156 2245 honorandis.

167 2270 412 2304 venerabiles
438 2279 479 2302 ac
496 2270 757 2311 circumspecti
777 2269 930 2305 domini,
949 2270 1034 2310 post
1051 2267 1302 2299 omnimodam
1321 2266 1378 2298 sui
1400 2265 1765 2298 commendationem

123 2325 192 2369 pro
211 2327 337 2359 debito
356 2326 562 2358 vocationis
591 2328 742 2357 nostrae
771 2325 816 2356 ad
840 2323 1066 2365 religionem
1091 2322 1334 2354 christianam
1364 2321 1536 2363 cogimur
1565 2320 1765 2352 ostendere

125 2391 220 2424 quae
234 2382 283 2414 sit
301 2381 407 2414 nobis
425 2390 517 2423 erga
534 2380 723 2413 Christum
743 2379 904 2417 affectio,
924 2379 1006 2419 quis
1025 2387 1117 2419 erga
1134 2377 1406 2409 sanctissimam
1425 2376 1507 2417 cJ'us
1525 2375 1635 2408 fldem
1651 2374 1763 2407 zelus.

165 2437 270 2470 Alias
295 2437 367 2469 fuit
382 2445 513 2468 rumor
530 2444 624 2468 vano
641 2435 876 2467 constantior
902 2434 946 2466 dc
964 2436 1114 2475 pastore
1133 2435 1257 2464 vestro
1289 2431 1407 2464 saneti
1431 2430 1565 2464 Jacobi
1583 2430 1765 2472 magistro

124 2491 282 2526 Nicolao
301 2492 346 2524 de
366 2490 568 2529 Bruxellis,
595 2491 658 2531 qui
680 2490 794 2522 rudes
812 2492 850 2522 et
872 2487 1082 2531 palpabiles
1101 2488 1136 2519 in
1156 2488 1233 2519 suis
1258 2486 1495 2519 sermonibus
1520 2487 1606 2518 ante
1621 2485 1767 2518 Pascha

124 2548 320 2580 dicebatur
345 2546 551 2579 seminasse
569 2554 720 2578 errores
748 2547 797 2583 et,
819 2546 859 2577 ut
883 2545 983 2576 fama
1011 2543 1242 2585 vulgaverat..
1269 2551 1349 2574 rem
1377 2542 1616 2583 perspectam
1634 2540 1767 2573 habuit

123 2603 314 2636 confrater
332 2603 460 2634 noster
477 2601 515 2633 in
533 2600 727 2643 theologia
744 2600 926 2642 magister
949 2598 1163 2631 Ruwardus
1181 2597 1226 2630 de
1245 2595 1435 2629 Enchusia
1459 2597 1588 2628 nostro
1614 2595 1765 2628 nomine

123 2658 168 2690 ad
193 2658 403 2700 praefatum
424 2655 621 2689 Nicolaum
649 2656 798 2693 missus,
828 2655 891 2696 qui
920 2662 1034 2695 super
1061 2653 1197 2686 erratis
1225 2654 1421 2694 paternam
1449 2651 1621 2684 adhibuit
1649 2651 1766 2683 moni-

123 2713 279 2746 tionem.

167 2768 275 2806 Dein,
308 2768 472 2809 peractis
504 2767 664 2800 festibus
698 2765 958 2803 Paschalibus,
988 2764 1091 2797 venit
1116 2763 1322 2796 Lovanium
1350 2763 1544 2804 praefatus
1573 2761 1764 2799 Nicolaus,

123 2824 200 2864 qui,
233 2823 497 2864 praesentibus
525 2822 698 2854 omnibus
738 2821 930 2863 magistris
962 2819 1100 2852 nostris
1132 2819 1213 2860 ejus
1246 2827 1358 2850 causa
1389 2818 1645 2860 congregatis,
1679 2826 1767 2850 suos

123 2887 273 2911 errores
289 2878 519 2919 pernitiosos
538 2877 737 2919 abJuravit,
757 2886 851 2917 quos
867 2876 943 2917 jam
962 2876 1048 2907 ante
1075 2874 1295 2917 agnoverat,
1314 2873 1563 2914 promisitque
1589 2872 1767 2913 deinceps

123 2942 164 2967 se
188 2932 327 2981 Christi
356 2932 538 2968 exhibere
562 2936 885 2974 propugnatorem
915 2940 956 2963 ac
981 2929 1083 2962 illius
1117 2929 1341 2971 dampnatae
1362 2928 1508 2962 heresis
1525 2927 1766 2962 Lutherauac
