<?xml version="1.0" encoding="UTF-8"?>
<!DOCTYPE html PUBLIC "-//W3C//DTD XHTML 1.0 Transitional//EN"
    "http://www.w3.org/TR/xhtml1/DTD/xhtml1-transitional.dtd">
<html xmlns="http://www.w3.org/1999/xhtml" xml:lang="en" lang="en">
 <head>
  <title>
</title>
<meta http-equiv="Content-Type" content="text/html;charset=utf-8" />
  <meta name='ocr-system' content='tesseract 3.04.00' />
  <meta name='ocr-capabilities' content='ocr_page ocr_carea ocr_par ocr_line ocrx_word'/>
</head>
<body>
  <div class='ocr_page' id='page_1' title='image "./corpusdocumentor04fruoft_0498.png"; bbox 0 0 2096 3481; ppageno 0'>
   <div class='ocr_carea' id='block_1_1' title="bbox 376 273 1298 313">
    <p class='ocr_par' dir='ltr' id='par_1_1' title="bbox 376 273 1298 313">
     <span class='ocr_line' id='line_1_1' title="bbox 376 273 1298 313; baseline -0.008 0"><span class='ocrx_word' id='word_1_1' title='bbox 376 280 437 313; x_wconf 71' lang='lat'>452³.</span> <span class='ocrx_word' id='word_1_2' title='bbox 1055 273 1190 308; x_wconf 89' lang='lat' dir='ltr'>ANNO</span> <span class='ocrx_word' id='word_1_3' title='bbox 1216 274 1298 307; x_wconf 78' lang='lat'>1525</span> 
     </span>
    </p>
   </div>
   <div class='ocr_carea' id='block_1_2' title="bbox 376 381 2015 1951">
    <p class='ocr_par' dir='ltr' id='par_1_2' title="bbox 376 381 2015 1951">
     <span class='ocr_line' id='line_1_2' title="bbox 378 381 1986 428; baseline -0.004 -8"><span class='ocrx_word' id='word_1_4' title='bbox 378 387 507 428; x_wconf 80' lang='lat' dir='ltr'>Neque</span> <span class='ocrx_word' id='word_1_5' title='bbox 540 385 835 426; x_wconf 86' lang='lat' dir='ltr'>conquieverunt</span> <span class='ocrx_word' id='word_1_6' title='bbox 865 385 928 416; x_wconf 87' lang='lat' dir='ltr'>aut</span> <span class='ocrx_word' id='word_1_7' title='bbox 959 392 980 415; x_wconf 86' lang='lat' dir='ltr'>a</span> <span class='ocrx_word' id='word_1_8' title='bbox 1011 383 1193 415; x_wconf 83' lang='lat' dir='ltr'>cantando</span> <span class='ocrx_word' id='word_1_9' title='bbox 1225 383 1450 416; x_wconf 88' lang='lat' dir='ltr'>destiterunt</span> <span class='ocrx_word' id='word_1_10' title='bbox 1480 381 1520 414; x_wconf 89' lang='lat' dir='ltr'>hi</span> <span class='ocrx_word' id='word_1_11' title='bbox 1550 381 1639 414; x_wconf 91' lang='lat' dir='ltr'>boni</span> <span class='ocrx_word' id='word_1_12' title='bbox 1669 381 1740 414; x_wconf 88' lang='lat' dir='ltr'>viri</span> <span class='ocrx_word' id='word_1_13' title='bbox 1771 381 1986 415; x_wconf 89' lang='lat' dir='ltr'>Bernardus</span> 
     </span>
     <span class='ocr_line' id='line_1_3' title="bbox 378 435 1988 478; baseline -0.003 -5"><span class='ocrx_word' id='word_1_14' title='bbox 378 439 593 475; x_wconf 84' lang='lat' dir='ltr'>Monachus.</span> <span class='ocrx_word' id='word_1_15' title='bbox 619 439 806 472; x_wconf 86' lang='lat' dir='ltr'>Gerardus</span> <span class='ocrx_word' id='word_1_16' title='bbox 830 437 1033 470; x_wconf 84' lang='lat' dir='ltr'>Vormarus</span> <span class='ocrx_word' id='word_1_17' title='bbox 1057 438 1095 469; x_wconf 86' lang='lat' dir='ltr'>et</span> <span class='ocrx_word' id='word_1_18' title='bbox 1119 435 1323 469; x_wconf 89' lang='lat' dir='ltr'>Gulielmus</span> <span class='ocrx_word' id='word_1_19' title='bbox 1348 436 1596 475; x_wconf 86' lang='lat' dir='ltr'>Traiectinus,</span> <span class='ocrx_word' id='word_1_20' title='bbox 1623 437 1741 469; x_wconf 89' lang='lat' dir='ltr'>donec</span> <span class='ocrx_word' id='word_1_21' title='bbox 1760 435 1821 468; x_wconf 85' lang='lat' dir='ltr'>hic</span> <span class='ocrx_word' id='word_1_22' title='bbox 1844 437 1988 478; x_wconf 79' lang='lat' dir='ltr'>martyr</span> 
     </span>
     <span class='ocr_line' id='line_1_4' title="bbox 378 489 1988 535; baseline -0.002 -9"><span class='ocrx_word' id='word_1_23' title='bbox 378 497 504 526; x_wconf 84' lang='lat' dir='ltr'>noster</span> <span class='ocrx_word' id='word_1_24' title='bbox 529 494 700 535; x_wconf 85' lang='lat' dir='ltr'>spiritum</span> <span class='ocrx_word' id='word_1_25' title='bbox 726 493 805 525; x_wconf 86' lang='lat' dir='ltr'>Deo</span> <span class='ocrx_word' id='word_1_26' title='bbox 831 491 1039 524; x_wconf 88' lang='lat' dir='ltr'>obtulisset.</span> <span class='ocrx_word' id='word_1_27' title='bbox 1067 491 1161 524; x_wconf 89' lang='lat' dir='ltr'>Nam</span> <span class='ocrx_word' id='word_1_28' title='bbox 1186 501 1258 523; x_wconf 88' lang='lat' dir='ltr'>uno</span> <span class='ocrx_word' id='word_1_29' title='bbox 1284 492 1375 523; x_wconf 83' lang='lat' dir='ltr'>adeo</span> <span class='ocrx_word' id='word_1_30' title='bbox 1401 491 1580 532; x_wconf 88' lang='lat' dir='ltr'>temporis</span> <span class='ocrx_word' id='word_1_31' title='bbox 1605 490 1761 523; x_wconf 90' lang='lat' dir='ltr'>articulo</span> <span class='ocrx_word' id='word_1_32' title='bbox 1785 492 1859 523; x_wconf 84' lang='lat' dir='ltr'>tam</span> <span class='ocrx_word' id='word_1_33' title='bbox 1881 489 1988 523; x_wconf 87' lang='lat' dir='ltr'>licuit</span> 
     </span>
     <span class='ocr_line' id='line_1_5' title="bbox 377 544 1988 590; baseline -0.003 -9"><span class='ocrx_word' id='word_1_34' title='bbox 377 552 544 590; x_wconf 80' lang='lat' dir='ltr'>spectare</span> <span class='ocrx_word' id='word_1_35' title='bbox 574 547 815 579; x_wconf 79' lang='lat' dir='ltr'>Wordcnatis</span> <span class='ocrx_word' id='word_1_36' title='bbox 844 547 997 583; x_wconf 83' lang='lat' dir='ltr'>obitum,</span> <span class='ocrx_word' id='word_1_37' title='bbox 1028 554 1137 586; x_wconf 79' lang='lat' dir='ltr'>quaxn</span> <span class='ocrx_word' id='word_1_38' title='bbox 1166 546 1296 578; x_wconf 87' lang='lat' dir='ltr'>audire</span> <span class='ocrx_word' id='word_1_39' title='bbox 1324 545 1474 578; x_wconf 88' lang='lat' dir='ltr'>illorum</span> <span class='ocrx_word' id='word_1_40' title='bbox 1503 546 1709 578; x_wconf 84' lang='lat' dir='ltr'>carminum</span> <span class='ocrx_word' id='word_1_41' title='bbox 1736 545 1861 578; x_wconf 86' lang='lat' dir='ltr'>finem.</span> <span class='ocrx_word' id='word_1_42' title='bbox 1886 544 1988 578; x_wconf 82' lang='lat' dir='ltr'>Haec</span> 
     </span>
     <span class='ocr_line' id='line_1_6' title="bbox 377 593 2015 643; baseline -0.002 -8"><span class='ocrx_word' id='word_1_43' title='bbox 377 613 465 635; x_wconf 74' lang='lat' dir='ltr'>sano</span> <span class='ocrx_word' id='word_1_44' title='bbox 485 601 720 643; x_wconf 79' lang='lat' dir='ltr'>triumphalis</span> <span class='ocrx_word' id='word_1_45' title='bbox 745 601 867 633; x_wconf 79' lang='lat' dir='ltr'>cantio</span> <span class='ocrx_word' id='word_1_46' title='bbox 893 601 985 633; x_wconf 79' lang='lat' dir='ltr'>adeo</span> <span class='ocrx_word' id='word_1_47' title='bbox 1009 601 1209 632; x_wconf 86' lang='lat' dir='ltr'>commovit</span> <span class='ocrx_word' id='word_1_48' title='bbox 1224 602 1538 641; x_wconf 78' lang='lat' dir='ltr'>persequutorum</span> <span class='ocrx_word' id='word_1_49' title='bbox 1562 600 1717 638; x_wconf 89' lang='lat' dir='ltr'>animos,</span> <span class='ocrx_word' id='word_1_50' title='bbox 1744 600 1785 632; x_wconf 89' lang='lat' dir='ltr'>ut</span> <span class='ocrx_word' id='word_1_51' title='bbox 1806 599 1989 641; x_wconf 82' lang='lat' dir='ltr'><strong>postridie</strong></span> <span class='ocrx_word' id='word_1_52' title='bbox 2011 593 2015 596; x_wconf 50' lang='lat'><strong>⁴</strong></span> 
     </span>
     <span class='ocr_line' id='line_1_7' title="bbox 378 653 1989 698; baseline -0.002 -9"><span class='ocrx_word' id='word_1_53' title='bbox 378 658 476 690; x_wconf 87' lang='lat' dir='ltr'>idem</span> <span class='ocrx_word' id='word_1_54' title='bbox 504 656 724 698; x_wconf 88' lang='lat' dir='ltr'>supplicium</span> <span class='ocrx_word' id='word_1_55' title='bbox 752 656 898 697; x_wconf 82' lang='lat' dir='ltr'>passuri</span> <span class='ocrx_word' id='word_1_56' title='bbox 926 655 1098 690; x_wconf 79' lang='lat' dir='ltr'>fuissent,</span> <span class='ocrx_word' id='word_1_57' title='bbox 1125 655 1196 686; x_wconf 87' lang='lat' dir='ltr'>nisi</span> <span class='ocrx_word' id='word_1_58' title='bbox 1221 655 1421 696; x_wconf 78' lang='lat' dir='ltr'>adversarij</span> <span class='ocrx_word' id='word_1_59' title='bbox 1449 663 1577 687; x_wconf 88' lang='lat' dir='ltr'>omnes</span> <span class='ocrx_word' id='word_1_60' title='bbox 1603 654 1841 687; x_wconf 89' lang='lat' dir='ltr'>Wordenatis</span> <span class='ocrx_word' id='word_1_61' title='bbox 1869 653 1989 686; x_wconf 82' lang='lat' dir='ltr'><strong>nostri</strong></span> 
     </span>
     <span class='ocr_line' id='line_1_8' title="bbox 378 707 1988 752; baseline -0.002 -9"><span class='ocrx_word' id='word_1_62' title='bbox 378 711 557 752; x_wconf 73' lang='lat' dir='ltr'>martyrio</span> <span class='ocrx_word' id='word_1_63' title='bbox 575 710 692 742; x_wconf 84' lang='lat' dir='ltr'>multo</span> <span class='ocrx_word' id='word_1_64' title='bbox 710 709 1012 742; x_wconf 81' lang='lat' dir='ltr'>constantissimo</span> <span class='ocrx_word' id='word_1_65' title='bbox 1031 709 1226 749; x_wconf 80' lang='lat' dir='ltr'>tantopere</span> <span class='ocrx_word' id='word_1_66' title='bbox 1243 709 1402 742; x_wconf 78' lang='lat' dir='ltr'>fuissent</span> <span class='ocrx_word' id='word_1_67' title='bbox 1417 709 1538 741; x_wconf 79' lang='lat' dir='ltr'>fracti.</span> <span class='ocrx_word' id='word_1_68' title='bbox 1558 707 1630 741; x_wconf 86' lang='lat' dir='ltr'>Sed</span> <span class='ocrx_word' id='word_1_69' title='bbox 1647 708 1693 741; x_wconf 86' lang='lat' dir='ltr'>ad</span> <span class='ocrx_word' id='word_1_70' title='bbox 1708 707 1988 741; x_wconf 86' lang='lat' dir='ltr'>Wordenatem.</span> 
     </span>
     <span class='ocr_line' id='line_1_9' title="bbox 379 762 1990 806; baseline -0.002 -10"><span class='ocrx_word' id='word_1_71' title='bbox 379 766 410 797; x_wconf 90' lang='lat' dir='ltr'>Is</span> <span class='ocrx_word' id='word_1_72' title='bbox 435 775 518 798; x_wconf 91' lang='lat' dir='ltr'>cum</span> <span class='ocrx_word' id='word_1_73' title='bbox 542 766 616 797; x_wconf 85' lang='lat' dir='ltr'>iam</span> <span class='ocrx_word' id='word_1_74' title='bbox 641 773 775 806; x_wconf 88' lang='lat' dir='ltr'>rogum</span> <span class='ocrx_word' id='word_1_75' title='bbox 799 763 1089 799; x_wconf 80' lang='lat' dir='ltr'>conscendisset,</span> <span class='ocrx_word' id='word_1_76' title='bbox 1116 762 1330 795; x_wconf 87' lang='lat' dir='ltr'>carnificem</span> <span class='ocrx_word' id='word_1_77' title='bbox 1356 772 1516 804; x_wconf 91' lang='lat' dir='ltr'>pronum</span> <span class='ocrx_word' id='word_1_78' title='bbox 1544 763 1616 795; x_wconf 87' lang='lat' dir='ltr'>sibi</span> <span class='ocrx_word' id='word_1_79' title='bbox 1642 763 1795 800; x_wconf 82' lang='lat' dir='ltr'>factum,</span> <span class='ocrx_word' id='word_1_80' title='bbox 1820 763 1858 795; x_wconf 84' lang='lat' dir='ltr'>et</span> <span class='ocrx_word' id='word_1_81' title='bbox 1880 770 1990 803; x_wconf 85' lang='lat' dir='ltr'>quam</span> 
     </span>
     <span class='ocr_line' id='line_1_10' title="bbox 377 816 1990 859; baseline -0.001 -8"><span class='ocrx_word' id='word_1_82' title='bbox 377 821 536 853; x_wconf 87' lang='lat' dir='ltr'>mortem</span> <span class='ocrx_word' id='word_1_83' title='bbox 563 818 735 851; x_wconf 86' lang='lat' dir='ltr'>illaturus</span> <span class='ocrx_word' id='word_1_84' title='bbox 764 817 820 850; x_wconf 88' lang='lat' dir='ltr'>illi</span> <span class='ocrx_word' id='word_1_85' title='bbox 844 819 926 851; x_wconf 85' lang='lat' dir='ltr'>erat</span> <span class='ocrx_word' id='word_1_86' title='bbox 952 818 998 850; x_wconf 87' lang='lat' dir='ltr'>de</span> <span class='ocrx_word' id='word_1_87' title='bbox 1026 826 1130 850; x_wconf 82' lang='lat' dir='ltr'>more</span> <span class='ocrx_word' id='word_1_88' title='bbox 1155 817 1432 859; x_wconf 82' lang='lat' dir='ltr'>deprecantem,</span> <span class='ocrx_word' id='word_1_89' title='bbox 1457 817 1592 850; x_wconf 86' lang='lat' dir='ltr'>blande</span> <span class='ocrx_word' id='word_1_90' title='bbox 1621 818 1771 858; x_wconf 86' lang='lat' dir='ltr'>excipit,</span> <span class='ocrx_word' id='word_1_91' title='bbox 1797 817 1835 850; x_wconf 86' lang='lat' dir='ltr'>et</span> <span class='ocrx_word' id='word_1_92' title='bbox 1861 816 1990 849; x_wconf 76' lang='lat' dir='ltr'>fratris</span> 
     </span>
     <span class='ocr_line' id='line_1_11' title="bbox 379 871 1990 914; baseline -0.002 -8"><span class='ocrx_word' id='word_1_93' title='bbox 379 874 527 906; x_wconf 89' lang='lat' dir='ltr'>nomine</span> <span class='ocrx_word' id='word_1_94' title='bbox 559 872 823 914; x_wconf 86' lang='lat' dir='ltr'>compellatum</span> <span class='ocrx_word' id='word_1_95' title='bbox 853 872 1017 914; x_wconf 86' lang='lat' dir='ltr'>benigne</span> <span class='ocrx_word' id='word_1_96' title='bbox 1049 872 1216 909; x_wconf 82' lang='lat' dir='ltr'>dimittit,</span> <span class='ocrx_word' id='word_1_97' title='bbox 1248 873 1421 905; x_wconf 88' lang='lat' dir='ltr'>revocato</span> <span class='ocrx_word' id='word_1_98' title='bbox 1458 873 1581 905; x_wconf 88' lang='lat' dir='ltr'>tamen</span> <span class='ocrx_word' id='word_1_99' title='bbox 1612 871 1670 904; x_wconf 92' lang='lat' dir='ltr'>illi</span> <span class='ocrx_word' id='word_1_100' title='bbox 1699 872 1738 904; x_wconf 89' lang='lat' dir='ltr'>in</span> <span class='ocrx_word' id='word_1_101' title='bbox 1772 871 1990 904; x_wconf 84' lang='lat' dir='ltr'>memoriam</span> 
     </span>
     <span class='ocr_line' id='line_1_12' title="bbox 378 925 1990 968; baseline -0.001 -8"><span class='ocrx_word' id='word_1_102' title='bbox 378 928 567 964; x_wconf 86' lang='lat' dir='ltr'>vaticinio,</span> <span class='ocrx_word' id='word_1_103' title='bbox 593 928 692 968; x_wconf 84' lang='lat' dir='ltr'>quod</span> <span class='ocrx_word' id='word_1_104' title='bbox 717 927 912 968; x_wconf 83' lang='lat' dir='ltr'>superiore</span> <span class='ocrx_word' id='word_1_105' title='bbox 941 935 1036 959; x_wconf 87' lang='lat' dir='ltr'>anno</span> <span class='ocrx_word' id='word_1_106' title='bbox 1062 925 1232 959; x_wconf 86' lang='lat' dir='ltr'>Harlemi</span> <span class='ocrx_word' id='word_1_107' title='bbox 1262 927 1306 959; x_wconf 93' lang='lat' dir='ltr'>de</span> <span class='ocrx_word' id='word_1_108' title='bbox 1338 935 1378 959; x_wconf 93' lang='lat' dir='ltr'>se</span> <span class='ocrx_word' id='word_1_109' title='bbox 1410 927 1576 959; x_wconf 83' lang='lat' dir='ltr'>dederat.</span> <span class='ocrx_word' id='word_1_110' title='bbox 1606 926 1861 959; x_wconf 88' lang='lat' dir='ltr'>Denunciarat</span> <span class='ocrx_word' id='word_1_111' title='bbox 1889 925 1990 958; x_wconf 87' lang='lat' dir='ltr'>enim</span> 
     </span>
     <span class='ocr_line' id='line_1_13' title="bbox 377 979 1992 1023; baseline -0.002 -8"><span class='ocrx_word' id='word_1_112' title='bbox 377 984 471 1022; x_wconf 82' lang='lat' dir='ltr'>fore,</span> <span class='ocrx_word' id='word_1_113' title='bbox 491 991 537 1015; x_wconf 81' lang='lat' dir='ltr'>ex</span> <span class='ocrx_word' id='word_1_114' title='bbox 555 982 670 1014; x_wconf 90' lang='lat' dir='ltr'>animi</span> <span class='ocrx_word' id='word_1_115' title='bbox 688 982 745 1013; x_wconf 89' lang='lat' dir='ltr'>sui</span> <span class='ocrx_word' id='word_1_116' title='bbox 762 981 973 1023; x_wconf 82' lang='lat' dir='ltr'>praesagio,</span> <span class='ocrx_word' id='word_1_117' title='bbox 993 982 1033 1013; x_wconf 84' lang='lat' dir='ltr'>ut</span> <span class='ocrx_word' id='word_1_118' title='bbox 1054 981 1092 1012; x_wconf 89' lang='lat' dir='ltr'>in</span> <span class='ocrx_word' id='word_1_119' title='bbox 1117 980 1262 1013; x_wconf 84' lang='lat' dir='ltr'>lictoris</span> <span class='ocrx_word' id='word_1_120' title='bbox 1285 989 1416 1013; x_wconf 88' lang='lat' dir='ltr'>manus</span> <span class='ocrx_word' id='word_1_121' title='bbox 1441 981 1486 1014; x_wconf 93' lang='lat' dir='ltr'>ob</span> <span class='ocrx_word' id='word_1_122' title='bbox 1511 990 1591 1014; x_wconf 90' lang='lat' dir='ltr'>rem</span> <span class='ocrx_word' id='word_1_123' title='bbox 1614 979 1879 1023; x_wconf 84' lang='lat' dir='ltr'>Evangelicam</span> <span class='ocrx_word' id='word_1_124' title='bbox 1903 979 1992 1012; x_wconf 89' lang='lat' dir='ltr'>olim</span> 
     </span>
     <span class='ocr_line' id='line_1_14' title="bbox 378 1035 1991 1077; baseline -0.001 -8"><span class='ocrx_word' id='word_1_125' title='bbox 378 1037 573 1069; x_wconf 83' lang='lat' dir='ltr'>incideret.</span> <span class='ocrx_word' id='word_1_126' title='bbox 592 1036 798 1073; x_wconf 84' lang='lat' dir='ltr'>Caeterum,</span> <span class='ocrx_word' id='word_1_127' title='bbox 818 1036 881 1068; x_wconf 88' lang='lat' dir='ltr'>ubi</span> <span class='ocrx_word' id='word_1_128' title='bbox 898 1036 973 1067; x_wconf 84' lang='lat' dir='ltr'>iam</span> <span class='ocrx_word' id='word_1_129' title='bbox 990 1035 1139 1076; x_wconf 84' lang='lat' dir='ltr'>ignibus</span> <span class='ocrx_word' id='word_1_130' title='bbox 1165 1035 1432 1068; x_wconf 82' lang='lat' dir='ltr'>admovebatur</span> <span class='ocrx_word' id='word_1_131' title='bbox 1454 1036 1621 1077; x_wconf 87' lang='lat' dir='ltr'>propius,</span> <span class='ocrx_word' id='word_1_132' title='bbox 1640 1037 1770 1077; x_wconf 88' lang='lat' dir='ltr'>pectus</span> <span class='ocrx_word' id='word_1_133' title='bbox 1786 1035 1866 1076; x_wconf 89' lang='lat' dir='ltr'>ipse</span> <span class='ocrx_word' id='word_1_134' title='bbox 1882 1043 1991 1067; x_wconf 86' lang='lat' dir='ltr'>suum</span> 
     </span>
     <span class='ocr_line' id='line_1_15' title="bbox 376 1090 1993 1132; baseline -0.001 -9"><span class='ocrx_word' id='word_1_135' title='bbox 376 1092 510 1123; x_wconf 89' lang='lat' dir='ltr'>tortori</span> <span class='ocrx_word' id='word_1_136' title='bbox 542 1091 675 1132; x_wconf 88' lang='lat' dir='ltr'>aperit,</span> <span class='ocrx_word' id='word_1_137' title='bbox 705 1091 746 1123; x_wconf 89' lang='lat' dir='ltr'>ut</span> <span class='ocrx_word' id='word_1_138' title='bbox 773 1090 966 1131; x_wconf 89' lang='lat' dir='ltr'>pulverem</span> <span class='ocrx_word' id='word_1_139' title='bbox 990 1090 1055 1122; x_wconf 87' lang='lat' dir='ltr'>illc</span> <span class='ocrx_word' id='word_1_140' title='bbox 1084 1090 1366 1122; x_wconf 84' lang='lat' dir='ltr'>bombardieum</span> <span class='ocrx_word' id='word_1_141' title='bbox 1397 1091 1645 1132; x_wconf 85' lang='lat' dir='ltr'>inspergeret.</span> <span class='ocrx_word' id='word_1_142' title='bbox 1676 1090 1763 1123; x_wconf 89' lang='lat' dir='ltr'>Mox</span> <span class='ocrx_word' id='word_1_143' title='bbox 1790 1098 1993 1122; x_wconf 86' lang='lat' dir='ltr'>conscensa</span> 
     </span>
     <span class='ocr_line' id='line_1_16' title="bbox 377 1145 1992 1187; baseline -0.001 -9"><span class='ocrx_word' id='word_1_144' title='bbox 377 1145 481 1183; x_wconf 88' lang='lat' dir='ltr'>sella,</span> <span class='ocrx_word' id='word_1_145' title='bbox 514 1145 598 1186; x_wconf 89' lang='lat' dir='ltr'>palo</span> <span class='ocrx_word' id='word_1_146' title='bbox 637 1147 785 1187; x_wconf 85' lang='lat' dir='ltr'>tergum</span> <span class='ocrx_word' id='word_1_147' title='bbox 820 1153 927 1177; x_wconf 89' lang='lat' dir='ltr'>suum</span> <span class='ocrx_word' id='word_1_148' title='bbox 964 1145 1103 1176; x_wconf 84' lang='lat' dir='ltr'>arctius</span> <span class='ocrx_word' id='word_1_149' title='bbox 1139 1145 1337 1186; x_wconf 86' lang='lat' dir='ltr'>appressit.</span> <span class='ocrx_word' id='word_1_150' title='bbox 1373 1145 1464 1177; x_wconf 91' lang='lat' dir='ltr'>Cum</span> <span class='ocrx_word' id='word_1_151' title='bbox 1497 1154 1585 1178; x_wconf 89' lang='lat' dir='ltr'>vero</span> <span class='ocrx_word' id='word_1_152' title='bbox 1618 1145 1776 1178; x_wconf 86' lang='lat' dir='ltr'>sentiret</span> <span class='ocrx_word' id='word_1_153' title='bbox 1810 1145 1992 1177; x_wconf 90' lang='lat' dir='ltr'>tortorem</span> 
     </span>
     <span class='ocr_line' id='line_1_17' title="bbox 377 1198 1992 1242; baseline -0.001 -10"><span class='ocrx_word' id='word_1_154' title='bbox 377 1202 565 1232; x_wconf 89' lang='lat' dir='ltr'>maturare</span> <span class='ocrx_word' id='word_1_155' title='bbox 582 1198 766 1242; x_wconf 88' lang='lat' dir='ltr'>iugulum,</span> <span class='ocrx_word' id='word_1_156' title='bbox 786 1199 922 1240; x_wconf 87' lang='lat' dir='ltr'>oppido</span> <span class='ocrx_word' id='word_1_157' title='bbox 942 1208 1051 1240; x_wconf 80' lang='lat' dir='ltr'>quam</span> <span class='ocrx_word' id='word_1_158' title='bbox 1070 1199 1346 1240; x_wconf 81' lang='lat' dir='ltr'>triumphanter</span> <span class='ocrx_word' id='word_1_159' title='bbox 1362 1199 1475 1231; x_wconf 84' lang='lat' dir='ltr'>morti</span> <span class='ocrx_word' id='word_1_160' title='bbox 1492 1209 1596 1232; x_wconf 89' lang='lat' dir='ltr'>suam</span> <span class='ocrx_word' id='word_1_161' title='bbox 1613 1199 1855 1241; x_wconf 88' lang='lat' dir='ltr'>opprobravit</span> <span class='ocrx_word' id='word_1_162' title='bbox 1877 1198 1992 1230; x_wconf 87' lang='lat' dir='ltr'>victo-</span> 
     </span>
     <span class='ocr_line' id='line_1_18' title="bbox 376 1253 1993 1296; baseline -0.001 -9"><span class='ocrx_word' id='word_1_163' title='bbox 376 1255 471 1287; x_wconf 87' lang='lat' dir='ltr'>riam</span> <span class='ocrx_word' id='word_1_164' title='bbox 491 1264 497 1286; x_wconf 93' lang='lat'>:</span> <span class='ocrx_word' id='word_1_165' title='bbox 519 1268 534 1280; x_wconf 68' lang='grc' dir='ltr'>ει</span> <span class='ocrx_word' id='word_1_166' title='bbox 550 1254 623 1288; x_wconf 88' lang='lat' dir='ltr'>Ubi</span> <span class='ocrx_word' id='word_1_167' title='bbox 641 1263 738 1287; x_wconf 85' lang='lat' dir='ltr'>nunc</span> <span class='ocrx_word' id='word_1_168' title='bbox 755 1255 823 1292; x_wconf 90' lang='lat' dir='ltr'>est,</span> <span class='ocrx_word' id='word_1_169' title='bbox 843 1253 1029 1295; x_wconf 77' lang='lat' dir='ltr'>inquiens,</span> <span class='ocrx_word' id='word_1_170' title='bbox 1048 1254 1208 1291; x_wconf 82' lang='lat' dir='ltr'>inferne,</span> <span class='ocrx_word' id='word_1_171' title='bbox 1225 1253 1401 1296; x_wconf 79' lang='lat' dir='ltr'>gloriatio</span> <span class='ocrx_word' id='word_1_172' title='bbox 1419 1255 1502 1286; x_wconf 70' lang='lat' dir='ltr'>tua?</span> <span class='ocrx_word' id='word_1_173' title='bbox 1519 1255 1594 1292; x_wconf 93' lang='lat' dir='ltr'>ubi,</span> <span class='ocrx_word' id='word_1_174' title='bbox 1609 1263 1723 1293; x_wconf 87' lang='lat' dir='ltr'>mors,</span> <span class='ocrx_word' id='word_1_175' title='bbox 1738 1253 1895 1286; x_wconf 87' lang='lat' dir='ltr'>victoria</span> <span class='ocrx_word' id='word_1_176' title='bbox 1910 1253 1993 1285; x_wconf 66' lang='lat' dir='ltr'>tua?</span> 
     </span>
     <span class='ocr_line' id='line_1_19' title="bbox 376 1307 1993 1351; baseline -0.002 -9"><span class='ocrx_word' id='word_1_177' title='bbox 376 1310 563 1350; x_wconf 86' lang='lat' dir='ltr'>Absorpta</span> <span class='ocrx_word' id='word_1_178' title='bbox 576 1310 633 1342; x_wconf 85' lang='lat' dir='ltr'>est</span> <span class='ocrx_word' id='word_1_179' title='bbox 645 1318 746 1341; x_wconf 87' lang='lat' dir='ltr'>mors</span> <span class='ocrx_word' id='word_1_180' title='bbox 759 1309 797 1340; x_wconf 93' lang='lat' dir='ltr'>in</span> <span class='ocrx_word' id='word_1_181' title='bbox 811 1308 969 1341; x_wconf 86' lang='lat' dir='ltr'>victoria</span> <span class='ocrx_word' id='word_1_182' title='bbox 983 1308 1134 1341; x_wconf 87' lang='lat' dir='ltr'>Christi.</span> <span class='ocrx_word' id='word_1_183' title='bbox 1152 1324 1167 1337; x_wconf 83' lang='lat'>„</span> <span class='ocrx_word' id='word_1_184' title='bbox 1183 1309 1321 1341; x_wconf 77' lang='lat' dir='ltr'>Verum</span> <span class='ocrx_word' id='word_1_185' title='bbox 1335 1309 1539 1346; x_wconf 89' lang='lat' dir='ltr'>enimvero,</span> <span class='ocrx_word' id='word_1_186' title='bbox 1553 1318 1637 1342; x_wconf 87' lang='lat' dir='ltr'>cum</span> <span class='ocrx_word' id='word_1_187' title='bbox 1649 1308 1820 1351; x_wconf 83' lang='lat' dir='ltr'>iugulum</span> <span class='ocrx_word' id='word_1_188' title='bbox 1832 1308 1902 1341; x_wconf 89' lang='lat' dir='ltr'>sibi</span> <span class='ocrx_word' id='word_1_189' title='bbox 1914 1307 1993 1349; x_wconf 86' lang='lat' dir='ltr'>peti</span> 
     </span>
     <span class='ocr_line' id='line_1_20' title="bbox 382 1362 1992 1405; baseline -0.002 -9"><span class='ocrx_word' id='word_1_190' title='bbox 382 1373 403 1396; x_wconf 89' lang='lat' dir='ltr'>a</span> <span class='ocrx_word' id='word_1_191' title='bbox 433 1365 608 1396; x_wconf 84' lang='lat' dir='ltr'>carnifice</span> <span class='ocrx_word' id='word_1_192' title='bbox 640 1364 864 1400; x_wconf 86' lang='lat' dir='ltr'>adverteret,</span> <span class='ocrx_word' id='word_1_193' title='bbox 896 1364 1024 1396; x_wconf 82' lang='lat' dir='ltr'>funem</span> <span class='ocrx_word' id='word_1_194' title='bbox 1056 1372 1128 1404; x_wconf 90' lang='lat' dir='ltr'>quo</span> <span class='ocrx_word' id='word_1_195' title='bbox 1163 1364 1435 1404; x_wconf 81' lang='lat' dir='ltr'>praefocandus</span> <span class='ocrx_word' id='word_1_196' title='bbox 1470 1365 1562 1402; x_wconf 86' lang='lat' dir='ltr'>erat,</span> <span class='ocrx_word' id='word_1_197' title='bbox 1596 1363 1669 1396; x_wconf 88' lang='lat' dir='ltr'>suis</span> <span class='ocrx_word' id='word_1_198' title='bbox 1704 1363 1784 1405; x_wconf 91' lang='lat' dir='ltr'>ipse</span> <span class='ocrx_word' id='word_1_199' title='bbox 1822 1362 1992 1395; x_wconf 85' lang='lat' dir='ltr'>manibus</span> 
     </span>
     <span class='ocr_line' id='line_1_21' title="bbox 378 1416 1988 1460; baseline -0.001 -9"><span class='ocrx_word' id='word_1_200' title='bbox 378 1419 528 1460; x_wconf 84' lang='lat' dir='ltr'>aptabat</span> <span class='ocrx_word' id='word_1_201' title='bbox 544 1417 686 1460; x_wconf 84' lang='lat' dir='ltr'>iugulo.</span> <span class='ocrx_word' id='word_1_202' title='bbox 702 1417 799 1450; x_wconf 88' lang='lat' dir='ltr'>Hinc</span> <span class='ocrx_word' id='word_1_203' title='bbox 813 1418 850 1449; x_wconf 91' lang='lat' dir='ltr'>in</span> <span class='ocrx_word' id='word_1_204' title='bbox 865 1417 1010 1450; x_wconf 88' lang='lat' dir='ltr'>coelum</span> <span class='ocrx_word' id='word_1_205' title='bbox 1024 1418 1251 1459; x_wconf 87' lang='lat' dir='ltr'>suspiciens:</span> <span class='ocrx_word' id='word_1_206' title='bbox 1269 1431 1284 1444; x_wconf 69' lang='grc' dir='ltr'>ιε</span> <span class='ocrx_word' id='word_1_207' title='bbox 1300 1418 1458 1451; x_wconf 86' lang='lat' dir='ltr'>Domine</span> <span class='ocrx_word' id='word_1_208' title='bbox 1470 1418 1574 1458; x_wconf 80' lang='lat' dir='ltr'>Jesu,</span> <span class='ocrx_word' id='word_1_209' title='bbox 1589 1418 1721 1459; x_wconf 89' lang='lat' dir='ltr'>inquit,</span> <span class='ocrx_word' id='word_1_210' title='bbox 1736 1419 1889 1460; x_wconf 86' lang='lat' dir='ltr'>ignosce</span> <span class='ocrx_word' id='word_1_211' title='bbox 1901 1416 1988 1455; x_wconf 90' lang='lat' dir='ltr'>illis,</span> 
     </span>
     <span class='ocr_line' id='line_1_22' title="bbox 378 1470 1991 1515; baseline -0.001 -10"><span class='ocrx_word' id='word_1_212' title='bbox 378 1473 548 1505; x_wconf 88' lang='lat' dir='ltr'>nesciunt</span> <span class='ocrx_word' id='word_1_213' title='bbox 564 1473 663 1505; x_wconf 87' lang='lat' dir='ltr'>enim</span> <span class='ocrx_word' id='word_1_214' title='bbox 681 1472 768 1512; x_wconf 89' lang='lat' dir='ltr'>quid</span> <span class='ocrx_word' id='word_1_215' title='bbox 784 1472 939 1504; x_wconf 79' lang='lat' dir='ltr'>faciunt.</span> <span class='ocrx_word' id='word_1_216' title='bbox 960 1487 975 1500; x_wconf 66' lang='lat'>³2</span> <span class='ocrx_word' id='word_1_217' title='bbox 995 1471 1041 1504; x_wconf 89' lang='lat' dir='ltr'>Et</span> <span class='ocrx_word' id='word_1_218' title='bbox 1058 1472 1366 1515; x_wconf 84' lang='lat' dir='ltr'>obstrangulante</span> <span class='ocrx_word' id='word_1_219' title='bbox 1384 1473 1527 1505; x_wconf 86' lang='lat' dir='ltr'>tortore</span> <span class='ocrx_word' id='word_1_220' title='bbox 1551 1482 1558 1504; x_wconf 92' lang='lat'>:</span> <span class='ocrx_word' id='word_1_221' title='bbox 1580 1486 1594 1498; x_wconf 70' lang='grc' dir='ltr'>ιι</span> <span class='ocrx_word' id='word_1_222' title='bbox 1614 1483 1634 1505; x_wconf 96' lang='lat'>0</span> <span class='ocrx_word' id='word_1_223' title='bbox 1650 1471 1742 1506; x_wconf 80' lang='lat' dir='ltr'>Jesu</span> <span class='ocrx_word' id='word_1_224' title='bbox 1759 1471 1918 1509; x_wconf 87' lang='lat' dir='ltr'>Christe,</span> <span class='ocrx_word' id='word_1_225' title='bbox 1936 1470 1991 1503; x_wconf 85' lang='lat' dir='ltr'>fili</span> 
     </span>
     <span class='ocr_line' id='line_1_23' title="bbox 378 1526 1989 1569; baseline -0.001 -9"><span class='ocrx_word' id='word_1_226' title='bbox 378 1527 460 1564; x_wconf 91' lang='lat' dir='ltr'>Dei,</span> <span class='ocrx_word' id='word_1_227' title='bbox 476 1527 608 1567; x_wconf 85' lang='lat' dir='ltr'>inquit,</span> <span class='ocrx_word' id='word_1_228' title='bbox 623 1527 809 1559; x_wconf 87' lang='lat' dir='ltr'>memento</span> <span class='ocrx_word' id='word_1_229' title='bbox 823 1526 910 1563; x_wconf 88' lang='lat' dir='ltr'>mei,</span> <span class='ocrx_word' id='word_1_230' title='bbox 923 1527 1102 1559; x_wconf 90' lang='lat' dir='ltr'>miserere</span> <span class='ocrx_word' id='word_1_231' title='bbox 1116 1527 1202 1559; x_wconf 90' lang='lat' dir='ltr'>mei.</span> <span class='ocrx_word' id='word_1_232' title='bbox 1217 1542 1232 1555; x_wconf 68' lang='lat' dir='ltr'>n</span> <span class='ocrx_word' id='word_1_233' title='bbox 1246 1526 1325 1564; x_wconf 87' lang='lat' dir='ltr'>Quo</span> <span class='ocrx_word' id='word_1_234' title='bbox 1341 1527 1451 1566; x_wconf 87' lang='lat' dir='ltr'>dicto,</span> <span class='ocrx_word' id='word_1_235' title='bbox 1466 1527 1620 1569; x_wconf 89' lang='lat' dir='ltr'>spiritus</span> <span class='ocrx_word' id='word_1_236' title='bbox 1632 1526 1697 1560; x_wconf 91' lang='lat' dir='ltr'>ille</span> <span class='ocrx_word' id='word_1_237' title='bbox 1711 1526 1989 1560; x_wconf 84' lang='lat' dir='ltr'>excludebatur.</span> 
     </span>
     <span class='ocr_line' id='line_1_24' title="bbox 379 1580 1990 1623; baseline -0.001 -9"><span class='ocrx_word' id='word_1_238' title='bbox 379 1581 497 1619; x_wconf 87' lang='lat' dir='ltr'>Quam</span> <span class='ocrx_word' id='word_1_239' title='bbox 517 1583 723 1614; x_wconf 82' lang='lat' dir='ltr'>extremam</span> <span class='ocrx_word' id='word_1_240' title='bbox 745 1581 832 1619; x_wconf 75' lang='lat' dir='ltr'>vim,</span> <span class='ocrx_word' id='word_1_241' title='bbox 858 1590 967 1621; x_wconf 87' lang='lat' dir='ltr'>quam</span> <span class='ocrx_word' id='word_1_242' title='bbox 992 1582 1283 1622; x_wconf 78' lang='lat' dir='ltr'>praefocationis</span> <span class='ocrx_word' id='word_1_243' title='bbox 1307 1582 1490 1614; x_wconf 88' lang='lat' dir='ltr'>torturam</span> <span class='ocrx_word' id='word_1_244' title='bbox 1514 1581 1617 1614; x_wconf 90' lang='lat' dir='ltr'>nulla</span> <span class='ocrx_word' id='word_1_245' title='bbox 1638 1582 1890 1615; x_wconf 89' lang='lat' dir='ltr'>membrorum</span> <span class='ocrx_word' id='word_1_246' title='bbox 1914 1580 1990 1623; x_wconf 85' lang='lat' dir='ltr'>agi-</span> 
     </span>
     <span class='ocr_line' id='line_1_25' title="bbox 382 1634 1992 1678; baseline -0.001 -10"><span class='ocrx_word' id='word_1_247' title='bbox 382 1637 486 1675; x_wconf 87' lang='lat' dir='ltr'>tatio,</span> <span class='ocrx_word' id='word_1_248' title='bbox 520 1635 623 1668; x_wconf 90' lang='lat' dir='ltr'>nulla</span> <span class='ocrx_word' id='word_1_249' title='bbox 650 1636 782 1677; x_wconf 90' lang='lat' dir='ltr'>capitis</span> <span class='ocrx_word' id='word_1_250' title='bbox 822 1636 1030 1674; x_wconf 84' lang='lat' dir='ltr'>concussio,</span> <span class='ocrx_word' id='word_1_251' title='bbox 1063 1635 1166 1668; x_wconf 88' lang='lat' dir='ltr'>nulla</span> <span class='ocrx_word' id='word_1_252' title='bbox 1202 1636 1294 1669; x_wconf 88' lang='lat' dir='ltr'>item</span> <span class='ocrx_word' id='word_1_253' title='bbox 1325 1636 1518 1669; x_wconf 89' lang='lat' dir='ltr'>oculorum</span> <span class='ocrx_word' id='word_1_254' title='bbox 1548 1637 1711 1669; x_wconf 90' lang='lat' dir='ltr'>inversio</span> <span class='ocrx_word' id='word_1_255' title='bbox 1743 1636 1798 1678; x_wconf 86' lang='lat' dir='ltr'>(ut</span> <span class='ocrx_word' id='word_1_256' title='bbox 1825 1637 1907 1669; x_wconf 84' lang='lat' dir='ltr'>fere</span> <span class='ocrx_word' id='word_1_257' title='bbox 1936 1634 1992 1677; x_wconf 89' lang='lat' dir='ltr'>fit)</span> 
     </span>
     <span class='ocr_line' id='line_1_26' title="bbox 380 1690 1992 1732; baseline -0.001 -9"><span class='ocrx_word' id='word_1_258' title='bbox 380 1690 618 1732; x_wconf 87' lang='lat' dir='ltr'>sequebatur,</span> <span class='ocrx_word' id='word_1_259' title='bbox 631 1691 728 1731; x_wconf 86' lang='lat' dir='ltr'>quod</span> <span class='ocrx_word' id='word_1_260' title='bbox 741 1690 984 1723; x_wconf 84' lang='lat' dir='ltr'>memorabile</span> <span class='ocrx_word' id='word_1_261' title='bbox 998 1700 1082 1723; x_wconf 88' lang='lat' dir='ltr'>cum</span> <span class='ocrx_word' id='word_1_262' title='bbox 1093 1691 1225 1732; x_wconf 84' lang='lat' dir='ltr'>primis</span> <span class='ocrx_word' id='word_1_263' title='bbox 1238 1691 1379 1724; x_wconf 79' lang='lat' dir='ltr'>existit.</span> <span class='ocrx_word' id='word_1_264' title='bbox 1392 1692 1559 1724; x_wconf 82' lang='lat' dir='ltr'>Dixisses</span> <span class='ocrx_word' id='word_1_265' title='bbox 1573 1701 1646 1724; x_wconf 89' lang='lat' dir='ltr'>non</span> <span class='ocrx_word' id='word_1_266' title='bbox 1661 1691 1733 1724; x_wconf 91' lang='lat' dir='ltr'>nisi</span> <span class='ocrx_word' id='word_1_267' title='bbox 1745 1691 1783 1723; x_wconf 93' lang='lat' dir='ltr'>in</span> <span class='ocrx_word' id='word_1_268' title='bbox 1796 1699 1992 1724; x_wconf 89' lang='lat' dir='ltr'>amoenum</span> 
     </span>
     <span class='ocr_line' id='line_1_27' title="bbox 379 1745 1993 1788; baseline -0.001 -10"><span class='ocrx_word' id='word_1_269' title='bbox 379 1746 592 1788; x_wconf 87' lang='lat' dir='ltr'>quempiam</span> <span class='ocrx_word' id='word_1_270' title='bbox 616 1754 786 1777; x_wconf 92' lang='lat' dir='ltr'>somnum</span> <span class='ocrx_word' id='word_1_271' title='bbox 809 1746 1015 1786; x_wconf 86' lang='lat' dir='ltr'>martyrem</span> <span class='ocrx_word' id='word_1_272' title='bbox 1038 1745 1137 1777; x_wconf 84' lang='lat' dir='ltr'>hune</span> <span class='ocrx_word' id='word_1_273' title='bbox 1160 1746 1330 1778; x_wconf 89' lang='lat' dir='ltr'>nostrum</span> <span class='ocrx_word' id='word_1_274' title='bbox 1354 1745 1460 1783; x_wconf 90' lang='lat' dir='ltr'>solvi,</span> <span class='ocrx_word' id='word_1_275' title='bbox 1479 1747 1520 1778; x_wconf 85' lang='lat' dir='ltr'>ut</span> <span class='ocrx_word' id='word_1_276' title='bbox 1535 1755 1624 1779; x_wconf 85' lang='lat' dir='ltr'>vere</span> <span class='ocrx_word' id='word_1_277' title='bbox 1648 1745 1875 1779; x_wconf 89' lang='lat' dir='ltr'>solvebatur.</span> <span class='ocrx_word' id='word_1_278' title='bbox 1893 1745 1993 1778; x_wconf 87' lang='lat' dir='ltr'>Vivit</span> 
     </span>
     <span class='ocr_line' id='line_1_28' title="bbox 380 1799 1993 1841; baseline 0 -8"><span class='ocrx_word' id='word_1_279' title='bbox 380 1801 480 1834; x_wconf 89' lang='lat' dir='ltr'>enim</span> <span class='ocrx_word' id='word_1_280' title='bbox 499 1809 582 1832; x_wconf 88' lang='lat' dir='ltr'>cum</span> <span class='ocrx_word' id='word_1_281' title='bbox 599 1799 747 1833; x_wconf 88' lang='lat' dir='ltr'>Christo</span> <span class='ocrx_word' id='word_1_282' title='bbox 766 1801 900 1832; x_wconf 78' lang='lat' dir='ltr'>exutus</span> <span class='ocrx_word' id='word_1_283' title='bbox 916 1799 1024 1832; x_wconf 89' lang='lat' dir='ltr'>malis</span> <span class='ocrx_word' id='word_1_284' title='bbox 1043 1800 1227 1837; x_wconf 89' lang='lat' dir='ltr'>omnibus,</span> <span class='ocrx_word' id='word_1_285' title='bbox 1247 1801 1306 1841; x_wconf 89' lang='lat' dir='ltr'>qui</span> <span class='ocrx_word' id='word_1_286' title='bbox 1323 1809 1345 1833; x_wconf 90' lang='lat' dir='ltr'>a</span> <span class='ocrx_word' id='word_1_287' title='bbox 1361 1800 1557 1833; x_wconf 80' lang='lat' dir='ltr'>christiani</span> <span class='ocrx_word' id='word_1_288' title='bbox 1575 1801 1736 1834; x_wconf 84' lang='lat' dir='ltr'>nominis</span> <span class='ocrx_word' id='word_1_289' title='bbox 1759 1800 1993 1833; x_wconf 80' lang='lat' dir='ltr'>confessione</span> 
     </span>
     <span class='ocr_line' id='line_1_29' title="bbox 380 1853 1993 1898; baseline 0.001 -10"><span class='ocrx_word' id='word_1_290' title='bbox 380 1864 427 1888; x_wconf 88' lang='lat' dir='ltr'>ne</span> <span class='ocrx_word' id='word_1_291' title='bbox 450 1855 488 1887; x_wconf 88' lang='lat' dir='ltr'>in</span> <span class='ocrx_word' id='word_1_292' title='bbox 512 1855 633 1887; x_wconf 88' lang='lat' dir='ltr'>morte</span> <span class='ocrx_word' id='word_1_293' title='bbox 658 1854 808 1895; x_wconf 89' lang='lat' dir='ltr'>quidem</span> <span class='ocrx_word' id='word_1_294' title='bbox 826 1854 1009 1887; x_wconf 84' lang='lat' dir='ltr'>discessit.</span> <span class='ocrx_word' id='word_1_295' title='bbox 1028 1853 1146 1892; x_wconf 78' lang='lat' dir='ltr'>Quam</span> <span class='ocrx_word' id='word_1_296' title='bbox 1162 1855 1340 1888; x_wconf 88' lang='lat' dir='ltr'>virtutem</span> <span class='ocrx_word' id='word_1_297' title='bbox 1357 1855 1463 1888; x_wconf 89' lang='lat' dir='ltr'>nobis</span> <span class='ocrx_word' id='word_1_298' title='bbox 1481 1856 1595 1889; x_wconf 87' lang='lat' dir='ltr'>etiam</span> <span class='ocrx_word' id='word_1_299' title='bbox 1610 1855 1796 1898; x_wconf 88' lang='lat' dir='ltr'>largiatur</span> <span class='ocrx_word' id='word_1_300' title='bbox 1818 1855 1857 1888; x_wconf 90' lang='lat' dir='ltr'>in</span> <span class='ocrx_word' id='word_1_301' title='bbox 1880 1855 1993 1889; x_wconf 87' lang='lat' dir='ltr'>finem</span> 
     </span>
     <span class='ocr_line' id='line_1_30' title="bbox 379 1909 1626 1951; baseline 0.001 -9"><span class='ocrx_word' id='word_1_302' title='bbox 379 1909 462 1950; x_wconf 89' lang='lat' dir='ltr'>Ille,</span> <span class='ocrx_word' id='word_1_303' title='bbox 480 1910 543 1951; x_wconf 85' lang='lat' dir='ltr'>qui</span> <span class='ocrx_word' id='word_1_304' title='bbox 560 1910 617 1943; x_wconf 91' lang='lat' dir='ltr'>est</span> <span class='ocrx_word' id='word_1_305' title='bbox 633 1918 745 1951; x_wconf 89' lang='lat' dir='ltr'>super</span> <span class='ocrx_word' id='word_1_306' title='bbox 762 1910 887 1942; x_wconf 89' lang='lat' dir='ltr'>omnia</span> <span class='ocrx_word' id='word_1_307' title='bbox 903 1909 1003 1942; x_wconf 91' lang='lat' dir='ltr'>Deus</span> <span class='ocrx_word' id='word_1_308' title='bbox 1020 1909 1240 1943; x_wconf 89' lang='lat' dir='ltr'>benedictus</span> <span class='ocrx_word' id='word_1_309' title='bbox 1256 1910 1295 1942; x_wconf 88' lang='lat' dir='ltr'>in</span> <span class='ocrx_word' id='word_1_310' title='bbox 1313 1910 1475 1943; x_wconf 86' lang='lat' dir='ltr'>saecula.</span> <span class='ocrx_word' id='word_1_311' title='bbox 1493 1911 1626 1944; x_wconf 89' lang='lat' dir='ltr'>Amen.</span> 
     </span>
    </p>
   </div>
   <div class='ocr_carea' id='block_1_3' title="bbox 1028 1985 1346 2029">
    <p class='ocr_par' dir='ltr' id='par_1_3' title="bbox 1028 1985 1346 2029">
     <span class='ocr_line' id='line_1_31' title="bbox 1028 1985 1346 2029; baseline 0.003 -11"><span class='ocrx_word' id='word_1_312' title='bbox 1028 1985 1137 2019; x_wconf 80' lang='lat' dir='ltr'>Finis</span> <span class='ocrx_word' id='word_1_313' title='bbox 1159 1985 1346 2029; x_wconf 77' lang='lat' dir='ltr'>supplicii.</span> 
     </span>
    </p>
   </div>
   <div class='ocr_carea' id='block_1_4' title="bbox 726 2072 1995 2608">
    <p class='ocr_par' dir='ltr' id='par_1_4' title="bbox 726 2072 1995 2608">
     <span class='ocr_line' id='line_1_32' title="bbox 726 2072 1990 2117; baseline 0 -10"><span class='ocrx_word' id='word_1_314' title='bbox 726 2072 919 2107; x_wconf 88' lang='lat' dir='ltr'>Zeldzaam</span> <span class='ocrx_word' id='word_1_315' title='bbox 954 2072 1102 2115; x_wconf 85' lang='lat' dir='ltr'>drukje,</span> <span class='ocrx_word' id='word_1_316' title='bbox 1142 2073 1181 2106; x_wconf 86' lang='lat' dir='ltr'>in</span> <span class='ocrx_word' id='word_1_317' title='bbox 1220 2073 1305 2106; x_wconf 85' lang='lat'>1546</span> <span class='ocrx_word' id='word_1_318' title='bbox 1335 2074 1563 2116; x_wconf 85' lang='lat' dir='ltr'>uitgegeven</span> <span class='ocrx_word' id='word_1_319' title='bbox 1596 2074 1634 2107; x_wconf 88' lang='lat' dir='ltr'>te</span> <span class='ocrx_word' id='word_1_320' title='bbox 1668 2073 1910 2117; x_wconf 85' lang='lat' dir='ltr'>Straatsburg</span> <span class='ocrx_word' id='word_1_321' title='bbox 1940 2074 1990 2116; x_wconf 85' lang='lat' dir='ltr'>b1j</span> 
     </span>
     <span class='ocr_line' id='line_1_33' title="bbox 768 2127 1994 2170; baseline 0 -9"><span class='ocrx_word' id='word_1_322' title='bbox 768 2128 1115 2161; x_wconf 85' lang='lat' dir='ltr'>Wendelin-Rihel.</span> <span class='ocrx_word' id='word_1_323' title='bbox 1146 2146 1189 2152; x_wconf 94' lang='lat'>—</span> <span class='ocrx_word' id='word_1_324' title='bbox 1219 2129 1391 2161; x_wconf 89' lang='lat' dir='ltr'>Daarvan</span> <span class='ocrx_word' id='word_1_325' title='bbox 1421 2129 1576 2162; x_wconf 87' lang='lat' dir='ltr'>bestaan</span> <span class='ocrx_word' id='word_1_326' title='bbox 1611 2127 1851 2170; x_wconf 81' lang='lat' dir='ltr'>exemplaren</span> <span class='ocrx_word' id='word_1_327' title='bbox 1880 2129 1920 2161; x_wconf 90' lang='lat' dir='ltr'>in</span> <span class='ocrx_word' id='word_1_328' title='bbox 1947 2129 1994 2162; x_wconf 90' lang='lat' dir='ltr'>de</span> 
     </span>
     <span class='ocr_line' id='line_1_34' title="bbox 769 2182 1994 2217; baseline 0 -1"><span class='ocrx_word' id='word_1_329' title='bbox 769 2183 868 2216; x_wconf 87' lang='lat' dir='ltr'>Kon.</span> <span class='ocrx_word' id='word_1_330' title='bbox 899 2182 1140 2216; x_wconf 84' lang='lat' dir='ltr'>Bibliotheek</span> <span class='ocrx_word' id='word_1_331' title='bbox 1167 2184 1205 2216; x_wconf 89' lang='lat' dir='ltr'>te</span> <span class='ocrx_word' id='word_1_332' title='bbox 1233 2183 1385 2216; x_wconf 86' lang='lat' dir='ltr'>Brussel</span> <span class='ocrx_word' id='word_1_333' title='bbox 1413 2193 1460 2217; x_wconf 92' lang='lat' dir='ltr'>en</span> <span class='ocrx_word' id='word_1_334' title='bbox 1486 2184 1525 2216; x_wconf 87' lang='lat' dir='ltr'>in</span> <span class='ocrx_word' id='word_1_335' title='bbox 1553 2184 1598 2217; x_wconf 90' lang='lat' dir='ltr'>de</span> <span class='ocrx_word' id='word_1_336' title='bbox 1630 2183 1896 2217; x_wconf 85' lang='lat' dir='ltr'>Bibliotheken</span> <span class='ocrx_word' id='word_1_337' title='bbox 1927 2184 1994 2217; x_wconf 90' lang='lat' dir='ltr'>der</span> 
     </span>
     <span class='ocr_line' id='line_1_35' title="bbox 772 2237 1994 2281; baseline 0 -10"><span class='ocrx_word' id='word_1_338' title='bbox 772 2237 1061 2281; x_wconf 84' lang='lat' dir='ltr'>Hoogeseholen</span> <span class='ocrx_word' id='word_1_339' title='bbox 1083 2246 1154 2270; x_wconf 88' lang='lat' dir='ltr'>van</span> <span class='ocrx_word' id='word_1_340' title='bbox 1178 2238 1337 2271; x_wconf 85' lang='lat' dir='ltr'>Utrecht</span> <span class='ocrx_word' id='word_1_341' title='bbox 1360 2247 1406 2272; x_wconf 91' lang='lat' dir='ltr'>en</span> <span class='ocrx_word' id='word_1_342' title='bbox 1430 2238 1683 2281; x_wconf 73' lang='lat' dir='ltr'>Konigsberg.</span> <span class='ocrx_word' id='word_1_343' title='bbox 1707 2257 1751 2262; x_wconf 93' lang='lat'><strong>—</strong></span> <span class='ocrx_word' id='word_1_344' title='bbox 1772 2238 1816 2272; x_wconf 93' lang='lat' dir='ltr'>In</span> <span class='ocrx_word' id='word_1_345' title='bbox 1840 2238 1924 2271; x_wconf 87' lang='lat'>1649</span> <span class='ocrx_word' id='word_1_346' title='bbox 1947 2247 1994 2271; x_wconf 88' lang='lat' dir='ltr'>en</span> 
     </span>
     <span class='ocr_line' id='line_1_36' title="bbox 771 2292 1995 2334; baseline 0.001 -10"><span class='ocrx_word' id='word_1_347' title='bbox 771 2292 856 2325; x_wconf 88' lang='lat'>1650</span> <span class='ocrx_word' id='word_1_348' title='bbox 885 2293 988 2325; x_wconf 88' lang='lat' dir='ltr'>werd</span> <span class='ocrx_word' id='word_1_349' title='bbox 1019 2293 1074 2325; x_wconf 89' lang='lat' dir='ltr'>dit</span> <span class='ocrx_word' id='word_1_350' title='bbox 1103 2292 1246 2334; x_wconf 84' lang='lat' dir='ltr'>werkje</span> <span class='ocrx_word' id='word_1_351' title='bbox 1276 2294 1313 2326; x_wconf 88' lang='lat' dir='ltr'>te</span> <span class='ocrx_word' id='word_1_352' title='bbox 1345 2292 1485 2326; x_wconf 90' lang='lat' dir='ltr'>Leiden</span> <span class='ocrx_word' id='word_1_353' title='bbox 1523 2293 1720 2331; x_wconf 88' lang='lat' dir='ltr'>herdrukt,</span> <span class='ocrx_word' id='word_1_354' title='bbox 1753 2293 1890 2326; x_wconf 89' lang='lat' dir='ltr'>alwaar</span> <span class='ocrx_word' id='word_1_355' title='bbox 1920 2292 1995 2325; x_wconf 84' lang='lat' dir='ltr'>ook</span> 
     </span>
     <span class='ocr_line' id='line_1_37' title="bbox 772 2347 1995 2390; baseline 0.002 -10"><span class='ocrx_word' id='word_1_356' title='bbox 772 2347 981 2381; x_wconf 89' lang='lat' dir='ltr'>omstreeks</span> <span class='ocrx_word' id='word_1_357' title='bbox 1007 2347 1092 2380; x_wconf 88' lang='lat' dir='ltr'>dien</span> <span class='ocrx_word' id='word_1_358' title='bbox 1116 2348 1184 2389; x_wconf 87' lang='lat' dir='ltr'>tijd</span> <span class='ocrx_word' id='word_1_359' title='bbox 1208 2348 1303 2380; x_wconf 87' lang='lat' dir='ltr'>twee</span> <span class='ocrx_word' id='word_1_360' title='bbox 1327 2347 1632 2381; x_wconf 86' lang='lat' dir='ltr'>Nederlandsche</span> <span class='ocrx_word' id='word_1_361' title='bbox 1654 2347 1889 2390; x_wconf 88' lang='lat' dir='ltr'>vertalingen</span> <span class='ocrx_word' id='word_1_362' title='bbox 1915 2357 1995 2382; x_wconf 89' lang='lat' dir='ltr'>ver-</span> 
     </span>
     <span class='ocr_line' id='line_1_38' title="bbox 772 2401 1992 2445; baseline 0.002 -11"><span class='ocrx_word' id='word_1_363' title='bbox 772 2402 949 2435; x_wconf 91' lang='lat' dir='ltr'>schenen.</span> <span class='ocrx_word' id='word_1_364' title='bbox 988 2420 1032 2425; x_wconf 97' lang='lat'><strong>—</strong></span> <span class='ocrx_word' id='word_1_365' title='bbox 1068 2402 1131 2435; x_wconf 86' lang='lat' dir='ltr'>Zie</span> <span class='ocrx_word' id='word_1_366' title='bbox 1169 2401 1439 2445; x_wconf 71' lang='lat' dir='ltr'>Martyrozqqes</span> <span class='ocrx_word' id='word_1_367' title='bbox 1471 2407 1692 2445; x_wconf 63' lang='lat' dir='ltr'>protestante</span> <span class='ocrx_word' id='word_1_368' title='bbox 1729 2401 1992 2442; x_wconf 71' lang='grc' dir='ltr'>Νέενῐαηιίαἱε,</span> 
     </span>
     <span class='ocr_line' id='line_1_39' title="bbox 771 2456 1994 2500; baseline 0.002 -11"><span class='ocrx_word' id='word_1_369' title='bbox 771 2456 854 2490; x_wconf 87' lang='lat' dir='ltr'>deel</span> <span class='ocrx_word' id='word_1_370' title='bbox 882 2457 911 2494; x_wconf 87' lang='lat' dir='ltr'>I,</span> <span class='ocrx_word' id='word_1_371' title='bbox 940 2457 1011 2489; x_wconf 89' lang='lat' dir='ltr'>blz.</span> <span class='ocrx_word' id='word_1_372' title='bbox 1039 2456 1102 2488; x_wconf 78' lang='lat'>291</span> <span class='ocrx_word' id='word_1_373' title='bbox 1131 2465 1177 2489; x_wconf 89' lang='lat' dir='ltr'>en</span> <span class='ocrx_word' id='word_1_374' title='bbox 1204 2456 1303 2499; x_wconf 84' lang='lat' dir='ltr'>volg.</span> <span class='ocrx_word' id='word_1_375' title='bbox 1334 2456 1387 2497; x_wconf 80' lang='lat' dir='ltr'>(of</span> <span class='ocrx_word' id='word_1_376' title='bbox 1409 2456 1634 2490; x_wconf 76' lang='lat' dir='ltr'>Bibliotheca</span> <span class='ocrx_word' id='word_1_377' title='bbox 1659 2456 1817 2500; x_wconf 57' lang='lat' dir='ltr'>Belgica,</span> <span class='ocrx_word' id='word_1_378' title='bbox 1841 2457 1880 2489; x_wconf 90' lang='lat' dir='ltr'>in</span> <span class='ocrx_word' id='word_1_379' title='bbox 1903 2466 1994 2491; x_wconf 87' lang='lat' dir='ltr'>voce</span> 
     </span>
     <span class='ocr_line' id='line_1_40' title="bbox 773 2510 1995 2555; baseline 0 -10"><span class='ocrx_word' id='word_1_380' title='bbox 773 2510 998 2555; x_wconf 80' lang='lat' dir='ltr'>Gnapheus),</span> <span class='ocrx_word' id='word_1_381' title='bbox 1023 2520 1124 2544; x_wconf 86' lang='lat' dir='ltr'>waar</span> <span class='ocrx_word' id='word_1_382' title='bbox 1147 2511 1228 2544; x_wconf 89' lang='lat' dir='ltr'>veel</span> <span class='ocrx_word' id='word_1_383' title='bbox 1252 2510 1490 2554; x_wconf 84' lang='lat' dir='ltr'>belangrijke</span> <span class='ocrx_word' id='word_1_384' title='bbox 1513 2512 1837 2555; x_wconf 86' lang='lat' dir='ltr'>aanteekeningen</span> <span class='ocrx_word' id='word_1_385' title='bbox 1860 2513 1897 2546; x_wconf 92' lang='lat' dir='ltr'>te</span> <span class='ocrx_word' id='word_1_386' title='bbox 1919 2512 1995 2545; x_wconf 90' lang='lat' dir='ltr'>vin-</span> 
     </span>
     <span class='ocr_line' id='line_1_41' title="bbox 749 2566 942 2608; baseline 0 -9"><span class='ocrx_word' id='word_1_387' title='bbox 749 2595 754 2599; x_wconf 75' lang='grc'>,</span> <span class='ocrx_word' id='word_1_388' title='bbox 772 2566 842 2599; x_wconf 92' lang='lat' dir='ltr'>den</span> <span class='ocrx_word' id='word_1_389' title='bbox 859 2566 942 2608; x_wconf 73' lang='lat' dir='ltr'>zijn.</span> 
     </span>
    </p>
   </div>
   <div class='ocr_carea' id='block_1_5' title="bbox 1126 2666 1243 2712">
    <p class='ocr_par' dir='ltr' id='par_1_5' title="bbox 1126 2666 1243 2712">
     <span class='ocr_line' id='line_1_42' title="bbox 1126 2666 1243 2712; baseline -0.017 -1"><span class='ocrx_word' id='word_1_390' title='bbox 1126 2666 1243 2712; x_wconf 83' lang='lat'>379.</span> 
     </span>
    </p>
   </div>
   <div class='ocr_carea' id='block_1_6' title="bbox 383 2795 1992 2996">
    <p class='ocr_par' dir='ltr' id='par_1_6' title="bbox 383 2795 1992 2996">
     <span class='ocr_line' id='line_1_43' title="bbox 453 2795 1992 2856; baseline 0 -17"><span class='ocrx_word' id='word_1_391' title='bbox 453 2801 591 2849; x_wconf 80' lang='lat'>1525,</span> <span class='ocrx_word' id='word_1_392' title='bbox 634 2795 737 2840; x_wconf 75' lang='lat' dir='ltr'><em>Julz·</em></span> <span class='ocrx_word' id='word_1_393' title='bbox 781 2795 1129 2853; x_wconf 73' lang='lat' dir='ltr'>11-September</span> <span class='ocrx_word' id='word_1_394' title='bbox 1172 2802 1244 2849; x_wconf 85' lang='lat'>15,</span> <span class='ocrx_word' id='word_1_395' title='bbox 1294 2799 1329 2841; x_wconf 80' lang='lat' dir='ltr'>&#39;s</span> <span class='ocrx_word' id='word_1_396' title='bbox 1370 2797 1693 2856; x_wconf 71' lang='lat' dir='ltr'>Gravenhaye.</span> <span class='ocrx_word' id='word_1_397' title='bbox 1739 2795 1992 2853; x_wconf 86' lang='lat' dir='ltr'>Omstandig</span> 
     </span>
     <span class='ocr_line' id='line_1_44' title="bbox 385 2865 1992 2925; baseline 0.001 -15"><span class='ocrx_word' id='word_1_398' title='bbox 385 2865 708 2911; x_wconf 85' lang='lat' dir='ltr'>Nederlandsch</span> <span class='ocrx_word' id='word_1_399' title='bbox 748 2869 927 2911; x_wconf 85' lang='lat' dir='ltr'>verhaal</span> <span class='ocrx_word' id='word_1_400' title='bbox 973 2882 1054 2911; x_wconf 91' lang='lat' dir='ltr'>van</span> <span class='ocrx_word' id='word_1_401' title='bbox 1096 2869 1148 2912; x_wconf 89' lang='lat' dir='ltr'>de</span> <span class='ocrx_word' id='word_1_402' title='bbox 1192 2870 1455 2925; x_wconf 83' lang='lat' dir='ltr'>lotgevallen</span> <span class='ocrx_word' id='word_1_403' title='bbox 1497 2883 1585 2914; x_wconf 86' lang='lat' dir='ltr'>van</span> <span class='ocrx_word' id='word_1_404' title='bbox 1625 2871 1707 2913; x_wconf 89' lang='lat' dir='ltr'>den</span> <span class='ocrx_word' id='word_1_405' title='bbox 1759 2870 1992 2914; x_wconf 84' lang='lat' dir='ltr'>martelaar</span> 
     </span>
     <span class='ocr_line' id='line_1_45' title="bbox 383 2935 1990 2996; baseline 0.003 -19"><span class='ocrx_word' id='word_1_406' title='bbox 383 2935 593 2979; x_wconf 89' lang='lat' dir='ltr'>Pistorius</span> <span class='ocrx_word' id='word_1_407' title='bbox 626 2936 769 2980; x_wconf 83' lang='lat' dir='ltr'>sedert</span> <span class='ocrx_word' id='word_1_408' title='bbox 807 2937 917 2993; x_wconf 87' lang='lat' dir='ltr'>zijne</span> <span class='ocrx_word' id='word_1_409' title='bbox 955 2937 1231 2994; x_wconf 84' lang='lat' dir='ltr'>aanhouding</span> <span class='ocrx_word' id='word_1_410' title='bbox 1268 2941 1334 2982; x_wconf 89' lang='lat' dir='ltr'>tot</span> <span class='ocrx_word' id='word_1_411' title='bbox 1368 2938 1509 2995; x_wconf 82' lang='lat' dir='ltr'>ziJ&#39;nen</span> <span class='ocrx_word' id='word_1_412' title='bbox 1540 2938 1663 2990; x_wconf 91' lang='lat' dir='ltr'>dood‚</span> <span class='ocrx_word' id='word_1_413' title='bbox 1704 2937 1809 2982; x_wconf 88' lang='lat' dir='ltr'>door</span> <span class='ocrx_word' id='word_1_414' title='bbox 1847 2938 1990 2996; x_wconf 78' lang='lat' dir='ltr'>zijnen</span> 
     </span>
    </p>
   </div>
  </div>
 </body>
</html>
