2096 3481
838 216 975 251 ANNO
1003 218 1087 252 1523
1716 221 1780 254 205

536 327 707 365 monnik,
721 336 894 361 waarvan
908 328 1100 367 Erasmus,
1115 330 1154 362 in
1169 338 1288 362 eenen
1307 329 1405 362 brief
1417 338 1487 362 aan
1502 329 1574 363 den
1588 329 1780 363 kanselier

536 392 583 416 en
608 383 886 425 aartsbisschop
903 384 976 417 Jan
995 384 1222 417 Carondelet
1245 385 1314 426 (uit
1338 384 1463 422 Bazel,
1483 384 1524 416 30
1542 385 1665 417 Maart
1682 385 1780 426 1527)

536 438 684 480 schrijft
713 448 720 470 :
756 453 772 465 «ι
799 438 1026 472 Mechliniae
1055 439 1252 472 carmelita
1280 440 1431 480 quidam
1467 440 1706 478 Paschasius,
1740 447 1782 473 ut

537 502 584 526 ex
622 493 826 526 multorum
859 493 982 526 literis
1015 495 1173 536 accipio,
1206 494 1411 536 publicitus
1444 503 1464 527 e
1497 497 1680 537 suggestu
1721 496 1782 529 ‹le-

536 548 740 581 bacchatur
771 549 810 581 in
842 548 992 591 linguas
1025 559 1065 582 ac
1099 550 1216 582 bonas
1248 549 1378 582 literas
1411 551 1448 582 et
1488 551 1709 583 nominatim
1742 551 1780 583 in

537 603 748 645 Collegium
780 603 993 646 Trssingue,
1023 605 1123 645 quod
1151 605 1315 637 instituit
1344 605 1499 637 Lovanii
1528 606 1586 637 vir
1614 607 1781 638 omnium

535 658 749 691 seculorum
771 660 955 692 memoria
979 659 1116 702 dignus
1141 659 1397 701 Hieronymus
1423 659 1628 693 Buslidius.
1657 662 1783 704 Agant

535 712 607 745 hoc
623 714 722 754 quod
740 713 881 747 habent
905 715 943 746 in
965 715 1151 747 mandatis
1171 724 1178 747 :
1205 717 1377 757 pugnent
1394 715 1573 748 adversus
1590 715 1779 750 haereses.

533 769 583 801 At
618 768 758 801 bellum
791 778 926 811 gerere
963 779 1046 802 cum
1079 769 1139 802 his
1179 769 1313 808 literis,
1355 770 1436 802 sino
1477 771 1612 811 quibus
1652 781 1782 805 omnes

535 823 705 864 reliquae
724 824 946 865 disciplinae
964 826 1089 857 mutae
1108 826 1207 864 sunt,
1226 834 1382 858 mancae
1407 826 1507 864 sunt,
1527 835 1661 859 caecae
1679 830 1780 864 sunt,

534 878 739 920 plurimum
769 879 875 912 abest
902 880 947 912 ab
977 880 1101 912 animo
1132 882 1209 913 tum
1236 880 1407 913 Caesaris
1436 881 1514 912 tum
1539 881 1743 922 pontificis.
1765 897 1780 910 ‚-

533 934 668 977 (Opera
686 936 826 973 omnia,
846 934 930 968 deel
948 935 1016 974 ΙΙΙ,
1034 944 1121 977 pars
1139 936 1168 974 Ι,
1187 935 1258 968 blz.
1278 935 1371 978 972.)

898 1093 1016 1136 145.

205 1234 365 1284 (1523,
393 1230 498 1273 Julz·
528 1235 568 1281 1,
592 1231 822 1283 Brassel.)
847 1227 1238 1283 Aanteekeningen
1264 1241 1348 1270 van
1378 1228 1460 1271 den
1486 1227 1785 1273 minderbroe-

138 1302 216 1346 der
246 1303 327 1347 Jan
352 1303 522 1346 Pascha
545 1316 650 1345 over
675 1302 759 1344 den
783 1316 927 1354 naam,
954 1301 1007 1344 de
1029 1301 1292 1358 ontwijding
1315 1315 1368 1343 en
1398 1301 1450 1344 de
1485 1301 1784 1358 verbranding

139 1371 216 1415 der
239 1372 550 1429 AugustiJnen.
576 1392 630 1401 —
653 1372 712 1414 De
746 1371 876 1414 derde
910 1370 1029 1414 heeft
1053 1370 1164 1427 zijne
1187 1371 1424 1427 ketterijen
1448 1371 1491 1413 in
1515 1371 1544 1414 ’t
1563 1371 1783 1427 openbaar

140 1440 416 1497 afgezworen
435 1440 504 1498 (⁴3).

182 1543 350 1576 Joannes
368 1542 526 1580 Pascha,
547 1542 827 1575 carmelitarum
853 1541 1183 1575 Mechliniensium
1200 1541 1308 1582 prior
1332 1542 1369 1574 et
1393 1551 1489 1573 unus
1515 1550 1560 1574 ex
1587 1541 1784 1582 inquisito-

139 1598 419 1637 ribuS,·addens
436 1599 591 1631 tertium
614 1596 950 1640 [augustinianum]
976 1598 1170 1630 detentum
1195 1606 1241 1630 ex
1266 1596 1401 1629 ultima
1424 1597 1663 1633 abductione,
1690 1596 1783 1630 haec

140 1654 297 1696 propria
312 1663 425 1687 manu
442 1654 637 1695 inscripsit
649 1654 814 1695 registro
834 1653 924 1685 dicti
941 1654 1149 1685 conventus
1169 1662 1176 1684 ε

187 1724 202 1736 ⁶«
222 1709 389 1748 Quorum
407 1709 560 1741 nomina
575 1709 731 1742 fuerunt
754 1707 922 1751 f[ratros]
942 1708 1130 1740 Henricus
1148 1707 1223 1740 Vos
1241 1717 1288 1741 ex
1306 1707 1568 1745 Busco-ducis,
1586 1708 1608 1741 ,J
1614 1707 1782 1741 ohannes

141 1765 288 1798 vanden
305 1765 489 1802 Esschen‚
508 1765 733 1797 Lambertus
753 1764 798 1796 de
817 1763 983 1796 Thoren.
1006 1779 1021 1790 ⁷-

260 1821 419 1862 Seripsit
435 1819 546 1853 Joan.
566 1819 715 1852 Pascha
731 1820 770 1852 in
788 1820 1005 1861 supradicto
1022 1819 1189 1861 registro
1210 1829 1217 1851 :

186 1890 201 1903 u
221 1877 329 1909 Dom.
348 1876 537 1909 Adrianus
555 1875 600 1908 de
619 1875 771 1917 Brugis,
790 1875 1051 1917 suffraganeus
1069 1874 1365 1913 Cameracensis,
1385 1875 1476 1907 fecit
1501 1876 1625 1908 actum
1651 1875 1783 1917 degra-

143 1932 318 1965 dationis.
346 1931 426 1964 M...
453 1931 718 1967 Bituricensis,
745 1930 779 1962 d.
807 1930 922 1962 abbas
947 1929 1266 1972 Grimbergensis,
1294 1930 1328 1962 d.
1357 1930 1614 1972 Hieronymus
1639 1930 1784 1963 cancel-

142 1987 259 2020 larius
278 1987 505 2019 Brabantiae
531 1986 712 2018 sederunt
738 1986 782 2018 ad
809 1985 906 2018 latus
931 1985 1201 2027 magistrorum
1221 1987 1438 2018 nostrorum
1457 1995 1540 2018 cuni
1559 1986 1720 2018 dominis
1739 1986 1784 2018 de

142 2042 302 2075 concilio
329 2042 570 2078 Brabantiae‚
597 2043 635 2074 et
658 2040 835 2074 viderunt
859 2042 983 2072 aetum
1009 2040 1311 2082 degradationis3
1339 2042 1376 2073 et
1401 2043 1439 2073 et
1464 2050 1531 2073 nos
1556 2041 1729 2083 magistri
1748 2042 1786 2073 et

141 2098 365 2140 praesertim
398 2097 645 2138 inquisitores
678 2096 919 2128 tradiderunt
958 2095 1052 2127 duos
1089 2095 1232 2137 primos
1272 2096 1311 2127 in
1347 2105 1480 2128 manus
1520 2096 1782 2129 cancellarii...

144 2153 296 2187 Tertius
312 2162 439 2186 coram
455 2152 596 2194 populo
614 2152 805 2185 revocavit
821 2151 1010 2183 haeresim
1030 2160 1179 2183 omnem
1197 2152 1234 2183 et
1251 2150 1520 2184 Lutheranam.
1544 2167 1558 2179 .-·
1572 2153 1612 2193 (2)

495 2238 596 2271 Naar
625 2238 670 2270 de
699 2236 980 2279 eigenhandige
1009 2237 1338 2279 aanteekeningen
1367 2247 1436 2270 van
1462 2237 1610 2270 Pascha
1634 2238 1689 2269 uit
1714 2246 1783 2270 een

538 2293 703 2335 register
719 2302 789 2325 van
808 2292 873 2325 het
891 2292 1395 2325 minderbroedersklooster
1412 2294 1449 2326 te
1467 2292 1664 2326 Mechelen
1683 2294 1785 2335 asge-

541 2348 655 2380 drukt
680 2348 727 2389 bij
756 2348 995 2385 Diercxsens,
1023 2348 1240 2391 Antverpia,
1268 2348 1351 2380 (leel
1376 2348 1438 2385 IV,
1468 2347 1538 2380 blz.
1570 2348 1600 2385 1,
1631 2349 1663 2385 2,
1693 2348 1724 2379 3.
1743 2366 1786 2371 —-

540 2404 595 2437 De
613 2403 847 2445 herrooping
863 2412 933 2435 van
951 2402 1130 2435 Lambert
1144 2402 1297 2436 Thoren
1312 2403 1343 2435 is
1362 2412 1430 2436 een
1446 2402 1571 2436 louter
1583 2402 1782 2436 verzinsel.

905 2560 1023 2605 146.

213 2706 373 2757 (1523,
395 2701 500 2744 Julz·
522 2707 564 2753 1,
593 2701 824 2754 Brussel.)
851 2697 1091 2741 Uittreksel
1117 2698 1180 2740 uit
1203 2711 1341 2740 eenen
1371 2697 1540 2740 lateren
1566 2694 1681 2738 brief
1701 2708 1786 2738 van

147 2775 354 2818 Erasmus
378 2787 460 2817 aan
493 2773 575 2816 den
608 2774 861 2816 Gentenaar
886 2772 1021 2814 Karel
1046 2769 1278 2814 Utenhove
1301 2770 1534 2827 (Freiburg
1571 2770 1615 2812 in
1641 2768 1785 2811 Breis·

149 2859 249 2901 gau,
282 2845 298 2886 l
340 2843 428 2887 Juli
454 2842 603 2896 1529),
627 2843 796 2885 waarin
834 2841 893 2898 hij
920 2844 990 2884 ter
1023 2841 1143 2896 loops
1184 2853 1288 2882 over
1329 2840 1382 2883 de
1404 2839 1646 2896 gewaande
1683 2837 1788 2881 her-

150 2913 332 2969 roeping
363 2912 440 2955 der
457 2911 752 2968 Augustijnen
770 2909 970 2954 handelt.
995 2933 1049 2942 —
1070 2911 1167 2953 Aan
1186 2909 1238 2952 de
1262 2909 1469 2952 woorden
1488 2921 1574 2952 van
1597 2906 1788 2951 minder-
